timestamp,local_timestamp,exchange,symbol,side,price,qty
1715176696930,1715176696993,BINANCE,ETHUSDT,BUY,3029.88,0.87
1715176697006,1715176696997,BINANCE,ETHUSDT,SELL,3029.87,0.183
1715176697010,1715176697006,BINANCE,ETHUSDT,BUY,3029.88,6.838
1715176697019,1715176697006,BINANCE,ETHUSDT,SELL,3029.87,1.611
1715176697019,1715176697006,BINANCE,ETHUSDT,BUY,3029.88,5.455
1715176697019,1715176697006,BINANCE,ETHUSDT,BUY,3029.94,0.501
1715176697019,1715176697006,BINANCE,ETHUSDT,BUY,3029.95,5.358
1715176697019,1715176697006,BINANCE,ETHUSDT,SELL,3029.87,10.757
1715176697019,1715176697006,BINANCE,ETHUSDT,BUY,3029.95,14.316
1715176697019,1715176697006,BINANCE,ETHUSDT,SELL,3029.87,26.581
1715176697019,1715176697006,BINANCE,ETHUSDT,BUY,3029.95,1.25
1715176697019,1715176697007,BINANCE,ETHUSDT,SELL,3029.87,0.033
1715176697019,1715176697007,BINANCE,ETHUSDT,BUY,3029.95,0.897
1715176697019,1715176697007,BINANCE,ETHUSDT,SELL,3029.87,0.026
1715176697019,1715176697007,BINANCE,ETHUSDT,BUY,3029.95,42.676
1715176697019,1715176697010,BINANCE,ETHUSDT,BUY,3030,31.421
1715176697025,1715176697011,BINANCE,ETHUSDT,SELL,3029.99,0.66
1715176696891,1715176697026,BINANCE,BNBUSDT,SELL,585.37,1.63
1715176696973,1715176697064,BINANCE,SOLUSDT,BUY,147.502,28
1715176697077,1715176697066,BINANCE,SOLUSDT,SELL,147.507,13
1715176697080,1715176697067,BINANCE,SOLUSDT,BUY,147.508,1
1715176697080,1715176697097,BINANCE,SOLUSDT,BUY,147.51,4
1715176697028,1715176697127,BINANCE,ETHUSDT,BUY,3030,17.218
1715176697143,1715176697127,BINANCE,ETHUSDT,BUY,3030,1.085
1715176697143,1715176697133,BINANCE,ETHUSDT,SELL,3029.99,3.794
1715176697148,1715176697160,BINANCE,ETHUSDT,BUY,3030,0.636
1715176697090,1715176697164,BINANCE,SOLUSDT,BUY,147.512,22
1715176697176,1715176697249,BINANCE,ETHUSDT,SELL,3029.99,2.119
1715176697262,1715176697249,BINANCE,ETHUSDT,SELL,3029.95,0.009
1715176697262,1715176697251,BINANCE,ETHUSDT,SELL,3029.88,0.613
1715176697266,1715176697251,BINANCE,ETHUSDT,BUY,3029.89,18.287
1715176697179,1715176697314,BINANCE,SOLUSDT,SELL,147.518,2
1715176697266,1715176697329,BINANCE,ETHUSDT,BUY,3030,66.213
1715176697379,1715176697366,BINANCE,SOLUSDT,BUY,147.519,7
1715176697380,1715176697367,BINANCE,SOLUSDT,BUY,147.521,1
1715176697380,1715176697367,BINANCE,SOLUSDT,BUY,147.53,3
1715176697380,1715176697398,BINANCE,SOLUSDT,BUY,147.532,7
1715176697344,1715176697433,BINANCE,ETHUSDT,SELL,3029.99,0.886
1715176697412,1715176697548,BINANCE,SOLUSDT,BUY,147.541,4
1715176697592,1715176697578,BINANCE,BNBUSDT,BUY,585.37,3.46
1715176697592,1715176697579,BINANCE,BNBUSDT,BUY,585.4,5.44
1715176697593,1715176697582,BINANCE,BNBUSDT,BUY,585.41,1.71
1715176697595,1715176697582,BINANCE,BNBUSDT,BUY,585.43,1.44
1715176697445,1715176697583,BINANCE,ETHUSDT,BUY,3030,65.712
1715176697595,1715176697738,BINANCE,BNBUSDT,BUY,585.44,0.03
1715176697639,1715176697738,BINANCE,ETHUSDT,BUY,3030,49.399
1715176697645,1715176697738,BINANCE,ETHUSDT,BUY,3030.01,0.47
1715176697650,1715176697738,BINANCE,ETHUSDT,BUY,3030.02,0.322
1715176697663,1715176697785,BINANCE,ETHUSDT,BUY,3030.03,0.027
1715176697688,1715176697785,BINANCE,ETHUSDT,BUY,3030.04,0.555
1715176697688,1715176697785,BINANCE,ETHUSDT,BUY,3030.05,0.516
1715176697688,1715176697785,BINANCE,ETHUSDT,BUY,3030.06,0.165
1715176697688,1715176697785,BINANCE,ETHUSDT,BUY,3030.07,0.039
1715176697688,1715176697785,BINANCE,ETHUSDT,BUY,3030.08,0.03
1715176697688,1715176697785,BINANCE,ETHUSDT,BUY,3030.09,0.008
1715176697688,1715176697785,BINANCE,ETHUSDT,BUY,3030.1,0.066
1715176697688,1715176697785,BINANCE,ETHUSDT,BUY,3030.11,0.405
1715176697688,1715176697785,BINANCE,ETHUSDT,BUY,3030.12,0.015
1715176697688,1715176697785,BINANCE,ETHUSDT,BUY,3030.13,0.007
1715176697688,1715176697785,BINANCE,ETHUSDT,BUY,3030.14,0.027
1715176697688,1715176697785,BINANCE,ETHUSDT,BUY,3030.15,0.102
1715176697688,1715176697786,BINANCE,ETHUSDT,BUY,3030.16,1.603
1715176697688,1715176697786,BINANCE,ETHUSDT,BUY,3030.17,0.186
1715176697688,1715176697786,BINANCE,ETHUSDT,BUY,3030.18,7.5
1715176697688,1715176697786,BINANCE,ETHUSDT,BUY,3030.19,0.3
1715176697688,1715176697786,BINANCE,ETHUSDT,BUY,3030.2,0.041
1715176697688,1715176697786,BINANCE,ETHUSDT,BUY,3030.21,1.7
1715176697688,1715176697786,BINANCE,ETHUSDT,BUY,3030.23,0.01
1715176697688,1715176697786,BINANCE,ETHUSDT,BUY,3030.24,0.045
1715176697688,1715176697786,BINANCE,ETHUSDT,BUY,3030.25,0.068
1715176697688,1715176697786,BINANCE,ETHUSDT,BUY,3030.28,1.312
1715176697688,1715176697786,BINANCE,ETHUSDT,BUY,3030.29,0.177
1715176697688,1715176697786,BINANCE,ETHUSDT,BUY,3030.3,4.089
1715176697688,1715176697786,BINANCE,ETHUSDT,BUY,3030.32,0.032
1715176697688,1715176697786,BINANCE,ETHUSDT,BUY,3030.33,0.502
1715176697688,1715176697786,BINANCE,ETHUSDT,BUY,3030.34,0.133
1715176697688,1715176697786,BINANCE,ETHUSDT,BUY,3030.35,0.079
1715176697688,1715176697787,BINANCE,ETHUSDT,BUY,3030.36,0.035
1715176697688,1715176697787,BINANCE,ETHUSDT,BUY,3030.37,1.172
1715176697688,1715176697787,BINANCE,ETHUSDT,BUY,3030.38,0.014
1715176697688,1715176697787,BINANCE,ETHUSDT,BUY,3030.39,4.054
1715176697688,1715176697787,BINANCE,ETHUSDT,BUY,3030.4,1.684
1715176697688,1715176697787,BINANCE,ETHUSDT,BUY,3030.41,0.348
1715176697688,1715176697787,BINANCE,ETHUSDT,BUY,3030.43,13.107
1715176697688,1715176697788,BINANCE,ETHUSDT,BUY,3030.44,0.015
1715176697688,1715176697788,BINANCE,ETHUSDT,BUY,3030.45,0.019
1715176697688,1715176697788,BINANCE,ETHUSDT,BUY,3030.46,1.656
1715176697688,1715176697788,BINANCE,ETHUSDT,BUY,3030.48,0.039
1715176697688,1715176697788,BINANCE,ETHUSDT,BUY,3030.49,0.007
1715176697688,1715176697788,BINANCE,ETHUSDT,BUY,3030.5,5.069
1715176697688,1715176697788,BINANCE,ETHUSDT,BUY,3030.52,0.015
1715176697688,1715176697788,BINANCE,ETHUSDT,BUY,3030.53,0.023
1715176697688,1715176697788,BINANCE,ETHUSDT,BUY,3030.54,1.664
1715176697688,1715176697788,BINANCE,ETHUSDT,BUY,3030.55,0.672
1715176697688,1715176697788,BINANCE,ETHUSDT,BUY,3030.56,0.03
1715176697688,1715176697788,BINANCE,ETHUSDT,BUY,3030.57,0.425
1715176697688,1715176697788,BINANCE,ETHUSDT,BUY,3030.58,0.007
1715176697688,1715176697788,BINANCE,ETHUSDT,BUY,3030.59,0.107
1715176697688,1715176697788,BINANCE,ETHUSDT,BUY,3030.6,1.585
1715176697688,1715176697788,BINANCE,ETHUSDT,BUY,3030.61,0.42
1715176697688,1715176697792,BINANCE,ETHUSDT,BUY,3030.62,0.14
1715176697688,1715176697792,BINANCE,ETHUSDT,BUY,3030.63,1.416
1715176697689,1715176697792,BINANCE,ETHUSDT,BUY,3030.64,0.083
1715176697689,1715176697792,BINANCE,ETHUSDT,BUY,3030.66,0.417
1715176697689,1715176697792,BINANCE,ETHUSDT,BUY,3030.67,0.007
1715176697689,1715176697792,BINANCE,ETHUSDT,BUY,3030.68,0.39
1715176697689,1715176697792,BINANCE,ETHUSDT,BUY,3030.69,0.255
1715176697689,1715176697792,BINANCE,ETHUSDT,BUY,3030.7,0.009
1715176697689,1715176697792,BINANCE,ETHUSDT,BUY,3030.71,8.281
1715176697689,1715176697792,BINANCE,ETHUSDT,BUY,3030.72,3.843
1715176697689,1715176697792,BINANCE,ETHUSDT,BUY,3030.73,0.788
1715176697689,1715176697793,BINANCE,ETHUSDT,BUY,3030.74,0.034
1715176697689,1715176697793,BINANCE,ETHUSDT,BUY,3030.75,0.528
1715176697689,1715176697793,BINANCE,ETHUSDT,BUY,3030.76,0.666
1715176697689,1715176697793,BINANCE,ETHUSDT,BUY,3030.77,0.025
1715176697689,1715176697793,BINANCE,ETHUSDT,BUY,3030.78,3.404
1715176697689,1715176697793,BINANCE,ETHUSDT,BUY,3030.79,2.036
1715176697689,1715176697793,BINANCE,ETHUSDT,BUY,3030.8,0.834
1715176697689,1715176697793,BINANCE,ETHUSDT,BUY,3030.81,0.368
1715176697689,1715176697793,BINANCE,ETHUSDT,BUY,3030.83,10.033
1715176697689,1715176697793,BINANCE,ETHUSDT,BUY,3030.84,0.145
1715176697689,1715176697793,BINANCE,ETHUSDT,BUY,3030.85,0.397
1715176697689,1715176697793,BINANCE,ETHUSDT,BUY,3030.86,2.465
1715176697689,1715176697793,BINANCE,ETHUSDT,BUY,3030.87,0.007
1715176697689,1715176697793,BINANCE,ETHUSDT,BUY,3030.88,0.022
1715176697689,1715176697793,BINANCE,ETHUSDT,BUY,3030.89,6.664
1715176697689,1715176697793,BINANCE,ETHUSDT,BUY,3030.9,0.02
1715176697689,1715176697793,BINANCE,ETHUSDT,BUY,3030.92,2.917
1715176697689,1715176697793,BINANCE,ETHUSDT,BUY,3030.93,0.015
1715176697689,1715176697793,BINANCE,ETHUSDT,BUY,3030.95,0.156
1715176697689,1715176697793,BINANCE,ETHUSDT,BUY,3030.96,1.836
1715176697689,1715176697793,BINANCE,ETHUSDT,BUY,3030.97,10.088
1715176697689,1715176697793,BINANCE,ETHUSDT,BUY,3030.98,0.367
1715176697689,1715176697793,BINANCE,ETHUSDT,BUY,3030.99,21.484
1715176697689,1715176697793,BINANCE,ETHUSDT,BUY,3031,44.808
1715176697694,1715176697793,BINANCE,ETHUSDT,SELL,3030.52,0.1
1715176697598,1715176697794,BINANCE,BNBUSDT,BUY,585.45,1.19
1715176697700,1715176697794,BINANCE,ETHUSDT,BUY,3030.59,0.2
1715176697755,1715176697802,BINANCE,ETHUSDT,SELL,3030.58,0.039
1715176697650,1715176697802,BINANCE,SOLUSDT,BUY,147.541,2
1715176697778,1715176697802,BINANCE,ETHUSDT,BUY,3030.59,1.02
1715176697785,1715176697802,BINANCE,ETHUSDT,SELL,3030.58,1.555
1715176697788,1715176697802,BINANCE,ETHUSDT,SELL,3030.5,0.085
1715176697788,1715176697802,BINANCE,ETHUSDT,SELL,3030.49,1.2
1715176697778,1715176697845,BINANCE,SOLUSDT,BUY,147.556,1
1715176697817,1715176697845,BINANCE,SOLUSDT,BUY,147.559,11
1715176697817,1715176697845,BINANCE,SOLUSDT,BUY,147.56,11
1715176697817,1715176697845,BINANCE,SOLUSDT,BUY,147.561,6
1715176697817,1715176697845,BINANCE,SOLUSDT,BUY,147.562,1
1715176697817,1715176697845,BINANCE,SOLUSDT,BUY,147.564,1
1715176697817,1715176697845,BINANCE,SOLUSDT,BUY,147.566,1
1715176697817,1715176697845,BINANCE,SOLUSDT,BUY,147.57,2
1715176697817,1715176697845,BINANCE,SOLUSDT,BUY,147.572,4
1715176697817,1715176697845,BINANCE,SOLUSDT,BUY,147.573,3
1715176697817,1715176697845,BINANCE,SOLUSDT,BUY,147.574,9
1715176697817,1715176697845,BINANCE,SOLUSDT,BUY,147.575,6
1715176697817,1715176697845,BINANCE,SOLUSDT,BUY,147.577,8
1715176697817,1715176697845,BINANCE,SOLUSDT,BUY,147.578,110
1715176697817,1715176697846,BINANCE,SOLUSDT,BUY,147.579,50
1715176697817,1715176697846,BINANCE,SOLUSDT,BUY,147.58,317
1715176697817,1715176697846,BINANCE,SOLUSDT,BUY,147.582,3
1715176697817,1715176697846,BINANCE,SOLUSDT,BUY,147.584,1
1715176697817,1715176697846,BINANCE,SOLUSDT,BUY,147.586,1
1715176697817,1715176697846,BINANCE,SOLUSDT,BUY,147.588,3
1715176697817,1715176697846,BINANCE,SOLUSDT,BUY,147.589,18
1715176697817,1715176697846,BINANCE,SOLUSDT,BUY,147.59,40
1715176697817,1715176697846,BINANCE,SOLUSDT,BUY,147.592,7
1715176697817,1715176697846,BINANCE,SOLUSDT,BUY,147.595,20
1715176697740,1715176697846,BINANCE,BNBUSDT,SELL,585.47,0.14
1715176697817,1715176697846,BINANCE,SOLUSDT,BUY,147.597,44
1715176697827,1715176697846,BINANCE,SOLUSDT,SELL,147.598,30
1715176697828,1715176697846,BINANCE,SOLUSDT,SELL,147.597,61
1715176697828,1715176697846,BINANCE,SOLUSDT,SELL,147.596,54
1715176697829,1715176697846,BINANCE,SOLUSDT,SELL,147.597,1
1715176697836,1715176697846,BINANCE,SOLUSDT,SELL,147.578,1
1715176697788,1715176697846,BINANCE,ETHUSDT,SELL,3030.48,6.687
1715176697821,1715176697847,BINANCE,BNBUSDT,BUY,585.48,0.05
1715176697855,1715176697898,BINANCE,BNBUSDT,SELL,585.47,0.12
1715176697851,1715176697964,BINANCE,ETHUSDT,BUY,3030.49,0.146
1715176697836,1715176697970,BINANCE,SOLUSDT,SELL,147.569,1
1715176697915,1715176697995,BINANCE,BNBUSDT,BUY,585.48,0.39
1715176698010,1715176698000,BINANCE,BNBUSDT,BUY,585.5,2.57
1715176697980,1715176698005,BINANCE,ETHUSDT,BUY,3030.49,0.013
1715176698017,1715176698005,BINANCE,ETHUSDT,SELL,3030.48,0.4
1715176698017,1715176698005,BINANCE,ETHUSDT,BUY,3030.49,1.573
1715176698017,1715176698005,BINANCE,ETHUSDT,BUY,3030.58,0.501
1715176698017,1715176698005,BINANCE,ETHUSDT,BUY,3030.63,0.049
1715176698017,1715176698006,BINANCE,ETHUSDT,BUY,3030.66,0.007
1715176698017,1715176698006,BINANCE,ETHUSDT,BUY,3030.74,0.007
1715176698017,1715176698006,BINANCE,ETHUSDT,BUY,3030.77,0.432
1715176698017,1715176698006,BINANCE,ETHUSDT,BUY,3030.78,0.008
1715176698017,1715176698006,BINANCE,ETHUSDT,BUY,3030.79,0.631
1715176698017,1715176698006,BINANCE,ETHUSDT,SELL,3030.48,0.1
1715176698017,1715176698006,BINANCE,ETHUSDT,BUY,3030.79,0.695
1715176698017,1715176698006,BINANCE,ETHUSDT,BUY,3030.8,0.563
1715176698017,1715176698006,BINANCE,ETHUSDT,SELL,3030.48,3.9
1715176698017,1715176698006,BINANCE,ETHUSDT,BUY,3030.8,1.726
1715176698017,1715176698006,BINANCE,ETHUSDT,BUY,3030.82,0.007
1715176698017,1715176698006,BINANCE,ETHUSDT,BUY,3030.84,0.256
1715176698017,1715176698006,BINANCE,ETHUSDT,BUY,3030.85,1.659
1715176698017,1715176698010,BINANCE,ETHUSDT,BUY,3030.88,0.014
1715176698017,1715176698010,BINANCE,ETHUSDT,BUY,3030.89,0.05
1715176698017,1715176698010,BINANCE,ETHUSDT,BUY,3030.9,0.107
1715176698017,1715176698010,BINANCE,ETHUSDT,BUY,3030.92,6.664
1715176698017,1715176698010,BINANCE,ETHUSDT,BUY,3030.98,1.344
1715176698017,1715176698010,BINANCE,ETHUSDT,SELL,3030.48,0.329
1715176698017,1715176698010,BINANCE,ETHUSDT,BUY,3030.98,0.591
1715176698017,1715176698010,BINANCE,ETHUSDT,SELL,3030.48,5.562
1715176698017,1715176698010,BINANCE,ETHUSDT,BUY,3030.98,0.091
1715176698017,1715176698010,BINANCE,ETHUSDT,SELL,3030.48,2.866
1715176698017,1715176698010,BINANCE,ETHUSDT,BUY,3030.98,0.89
1715176698017,1715176698010,BINANCE,ETHUSDT,SELL,3030.48,0.515
1715176698017,1715176698010,BINANCE,ETHUSDT,BUY,3030.98,0.041
1715176698017,1715176698010,BINANCE,ETHUSDT,SELL,3030.48,0.6
1715176698017,1715176698010,BINANCE,ETHUSDT,BUY,3030.98,5.869
1715176698017,1715176698011,BINANCE,ETHUSDT,SELL,3030.48,2.586
1715176698017,1715176698011,BINANCE,ETHUSDT,BUY,3030.98,1.148
1715176698017,1715176698011,BINANCE,ETHUSDT,SELL,3030.48,0.346
1715176698017,1715176698011,BINANCE,ETHUSDT,BUY,3030.98,0.033
1715176698017,1715176698011,BINANCE,ETHUSDT,BUY,3030.99,25.898
1715176698017,1715176698011,BINANCE,ETHUSDT,BUY,3031,6.313
1715176698017,1715176698011,BINANCE,ETHUSDT,SELL,3030.48,2.246
1715176698017,1715176698011,BINANCE,ETHUSDT,BUY,3031,17.395
1715176698017,1715176698011,BINANCE,ETHUSDT,SELL,3030.48,1.147
1715176698017,1715176698011,BINANCE,ETHUSDT,SELL,3030.4,1.535
1715176698017,1715176698011,BINANCE,ETHUSDT,SELL,3030.31,0.007
1715176698017,1715176698011,BINANCE,ETHUSDT,SELL,3030.28,0.333
1715176698017,1715176698011,BINANCE,ETHUSDT,SELL,3030.25,0.103
1715176698017,1715176698011,BINANCE,ETHUSDT,SELL,3030.24,2.646
1715176698017,1715176698011,BINANCE,ETHUSDT,SELL,3030.23,5.355
1715176698017,1715176698011,BINANCE,ETHUSDT,SELL,3030.22,2.639
1715176698017,1715176698011,BINANCE,ETHUSDT,SELL,3030.21,2.677
1715176698017,1715176698011,BINANCE,ETHUSDT,BUY,3031,6.018
1715176698018,1715176698011,BINANCE,ETHUSDT,BUY,3031.01,0.031
1715176698018,1715176698011,BINANCE,ETHUSDT,BUY,3031.04,0.119
1715176698018,1715176698011,BINANCE,ETHUSDT,BUY,3031.05,0.007
1715176698018,1715176698011,BINANCE,ETHUSDT,BUY,3031.06,0.784
1715176698018,1715176698011,BINANCE,ETHUSDT,BUY,3031.07,0.061
1715176698018,1715176698011,BINANCE,ETHUSDT,BUY,3031.08,0.082
1715176698018,1715176698011,BINANCE,ETHUSDT,BUY,3031.09,0.051
1715176698018,1715176698011,BINANCE,ETHUSDT,BUY,3031.1,0.059
1715176698018,1715176698011,BINANCE,ETHUSDT,BUY,3031.11,0.105
1715176698018,1715176698011,BINANCE,ETHUSDT,BUY,3031.12,0.053
1715176698018,1715176698012,BINANCE,ETHUSDT,BUY,3031.13,0.117
1715176698018,1715176698012,BINANCE,ETHUSDT,BUY,3031.14,4.525
1715176698018,1715176698012,BINANCE,ETHUSDT,BUY,3031.15,5.213
1715176698018,1715176698012,BINANCE,ETHUSDT,BUY,3031.16,0.118
1715176698018,1715176698012,BINANCE,ETHUSDT,BUY,3031.17,0.105
1715176698018,1715176698012,BINANCE,ETHUSDT,SELL,3030.21,0.033
1715176698018,1715176698012,BINANCE,ETHUSDT,BUY,3031.17,3
1715176698018,1715176698012,BINANCE,ETHUSDT,SELL,3030.21,4.133
1715176698018,1715176698012,BINANCE,ETHUSDT,BUY,3031.17,5.244
1715176698018,1715176698012,BINANCE,ETHUSDT,SELL,3030.21,0.3
1715176698018,1715176698012,BINANCE,ETHUSDT,BUY,3031.17,0.229
1715176698018,1715176698070,BINANCE,ETHUSDT,SELL,3030.21,0.427
1715176698018,1715176698070,BINANCE,ETHUSDT,BUY,3031.17,0.533
1715176698018,1715176698070,BINANCE,ETHUSDT,SELL,3030.21,1.654
1715176698018,1715176698070,BINANCE,ETHUSDT,BUY,3031.17,0.142
1715176698018,1715176698070,BINANCE,ETHUSDT,SELL,3030.21,4.565
1715176698018,1715176698070,BINANCE,ETHUSDT,SELL,3030.2,3.011
1715176698018,1715176698070,BINANCE,ETHUSDT,SELL,3030.19,6.599
1715176698018,1715176698070,BINANCE,ETHUSDT,SELL,3030.18,9.151
1715176698018,1715176698070,BINANCE,ETHUSDT,SELL,3030.17,2.639
1715176698018,1715176698071,BINANCE,ETHUSDT,SELL,3030.16,3.353
1715176698018,1715176698071,BINANCE,ETHUSDT,SELL,3030.15,4.307
1715176698018,1715176698071,BINANCE,ETHUSDT,SELL,3030.14,3.169
1715176698018,1715176698071,BINANCE,ETHUSDT,SELL,3030.13,1.016
1715176698018,1715176698071,BINANCE,ETHUSDT,BUY,3031.17,0.767
1715176698018,1715176698071,BINANCE,ETHUSDT,BUY,3031.18,1.045
1715176698018,1715176698071,BINANCE,ETHUSDT,BUY,3031.2,0.963
1715176698018,1715176698071,BINANCE,ETHUSDT,SELL,3030.13,12.21
1715176698018,1715176698071,BINANCE,ETHUSDT,SELL,3030.12,5.576
1715176698018,1715176698071,BINANCE,ETHUSDT,BUY,3031.2,0.485
1715176698018,1715176698071,BINANCE,ETHUSDT,BUY,3031.21,0.848
1715176698018,1715176698071,BINANCE,ETHUSDT,SELL,3030.12,1
1715176698018,1715176698071,BINANCE,ETHUSDT,BUY,3031.21,1.251
1715176698018,1715176698071,BINANCE,ETHUSDT,BUY,3031.22,1.381
1715176698018,1715176698071,BINANCE,ETHUSDT,SELL,3030.12,0.081
1715176698018,1715176698071,BINANCE,ETHUSDT,SELL,3030.1,3.32
1715176698018,1715176698071,BINANCE,ETHUSDT,SELL,3030.09,3.238
1715176698018,1715176698072,BINANCE,ETHUSDT,BUY,3031.22,0.181
1715176698018,1715176698072,BINANCE,ETHUSDT,SELL,3030.09,1
1715176698018,1715176698072,BINANCE,ETHUSDT,BUY,3031.22,1.194
1715176698018,1715176698072,BINANCE,ETHUSDT,SELL,3030.09,0.268
1715176698018,1715176698072,BINANCE,ETHUSDT,BUY,3031.22,0.944
1715176698018,1715176698072,BINANCE,ETHUSDT,BUY,3031.23,4.556
1715176698018,1715176698072,BINANCE,ETHUSDT,SELL,3030.09,0.65
1715176698018,1715176698072,BINANCE,ETHUSDT,BUY,3031.23,2.115
1715176698018,1715176698107,BINANCE,ETHUSDT,BUY,3031.24,0.51
1715176698018,1715176698107,BINANCE,ETHUSDT,BUY,3031.25,0.384
1715176698018,1715176698107,BINANCE,ETHUSDT,BUY,3031.28,1.656
1715176698018,1715176698107,BINANCE,ETHUSDT,BUY,3031.29,5.06
1715176698018,1715176698107,BINANCE,ETHUSDT,BUY,3031.3,2.48
1715176698018,1715176698107,BINANCE,ETHUSDT,BUY,3031.32,1.819
1715176698018,1715176698107,BINANCE,ETHUSDT,BUY,3031.33,0.046
1715176698018,1715176698107,BINANCE,ETHUSDT,BUY,3031.35,3.665
1715176698018,1715176698107,BINANCE,ETHUSDT,BUY,3031.36,0.105
1715176698018,1715176698107,BINANCE,ETHUSDT,BUY,3031.37,0.216
1715176698018,1715176698108,BINANCE,ETHUSDT,BUY,3031.38,0.207
1715176698018,1715176698108,BINANCE,ETHUSDT,BUY,3031.39,0.007
1715176698018,1715176698112,BINANCE,ETHUSDT,BUY,3031.4,0.015
1715176698018,1715176698112,BINANCE,ETHUSDT,BUY,3031.41,0.019
1715176698018,1715176698112,BINANCE,ETHUSDT,BUY,3031.42,0.947
1715176698018,1715176698112,BINANCE,ETHUSDT,BUY,3031.43,7.111
1715176698018,1715176698112,BINANCE,ETHUSDT,BUY,3031.44,0.51
1715176698018,1715176698112,BINANCE,ETHUSDT,BUY,3031.45,0.7
1715176698018,1715176698112,BINANCE,ETHUSDT,BUY,3031.47,0.709
1715176698019,1715176698112,BINANCE,ETHUSDT,BUY,3031.48,2.327
1715176698019,1715176698112,BINANCE,ETHUSDT,BUY,3031.49,11.028
1715176698019,1715176698112,BINANCE,ETHUSDT,BUY,3031.5,1.086
1715176698019,1715176698112,BINANCE,ETHUSDT,BUY,3031.51,1.995
1715176698019,1715176698112,BINANCE,ETHUSDT,BUY,3031.52,3.67
1715176698019,1715176698112,BINANCE,ETHUSDT,BUY,3031.53,0.615
1715176698019,1715176698112,BINANCE,ETHUSDT,BUY,3031.54,0.282
1715176698019,1715176698112,BINANCE,ETHUSDT,BUY,3031.55,5.337
1715176698019,1715176698112,BINANCE,ETHUSDT,SELL,3030.09,0.015
1715176698019,1715176698112,BINANCE,ETHUSDT,SELL,3030.08,1.963
1715176698019,1715176698112,BINANCE,ETHUSDT,BUY,3031.55,0.111
1715176698019,1715176698112,BINANCE,ETHUSDT,SELL,3030.08,0.018
1715176698019,1715176698112,BINANCE,ETHUSDT,BUY,3031.55,1.663
1715176698019,1715176698112,BINANCE,ETHUSDT,SELL,3030.08,0.2
1715176698019,1715176698113,BINANCE,ETHUSDT,BUY,3031.55,0.099
1715176698019,1715176698113,BINANCE,ETHUSDT,SELL,3030.08,0.104
1715176698019,1715176698113,BINANCE,ETHUSDT,BUY,3031.55,0.037
1715176698019,1715176698113,BINANCE,ETHUSDT,SELL,3030.08,0.16
1715176698019,1715176698113,BINANCE,ETHUSDT,BUY,3030.1,0.705
1715176698019,1715176698113,BINANCE,ETHUSDT,SELL,3030.08,0.191
1715176698019,1715176698113,BINANCE,ETHUSDT,BUY,3030.1,2.409
1715176698019,1715176698113,BINANCE,ETHUSDT,BUY,3031.55,2.705
1715176698019,1715176698113,BINANCE,ETHUSDT,BUY,3031.56,12.039
1715176698019,1715176698113,BINANCE,ETHUSDT,BUY,3031.57,0.807
1715176698019,1715176698113,BINANCE,ETHUSDT,BUY,3031.58,0.009
1715176698019,1715176698113,BINANCE,ETHUSDT,BUY,3031.59,0.608
1715176698019,1715176698113,BINANCE,ETHUSDT,BUY,3031.6,0.112
1715176698019,1715176698113,BINANCE,ETHUSDT,BUY,3031.61,13.578
1715176698019,1715176698113,BINANCE,ETHUSDT,BUY,3031.62,0.261
1715176698019,1715176698113,BINANCE,ETHUSDT,BUY,3031.63,0.021
1715176698019,1715176698113,BINANCE,ETHUSDT,BUY,3031.64,0.33
1715176698019,1715176698113,BINANCE,ETHUSDT,BUY,3031.65,1.732
1715176698019,1715176698113,BINANCE,ETHUSDT,BUY,3031.66,0.439
1715176698019,1715176698113,BINANCE,ETHUSDT,BUY,3031.67,0.008
1715176698019,1715176698113,BINANCE,ETHUSDT,BUY,3031.68,0.352
1715176698019,1715176698113,BINANCE,ETHUSDT,BUY,3031.69,2.016
1715176698019,1715176698113,BINANCE,ETHUSDT,BUY,3031.7,7.619
1715176698019,1715176698113,BINANCE,ETHUSDT,BUY,3031.71,6.147
1715176698019,1715176698114,BINANCE,ETHUSDT,BUY,3031.72,0.974
1715176698019,1715176698114,BINANCE,ETHUSDT,BUY,3031.73,5.382
1715176698019,1715176698114,BINANCE,ETHUSDT,BUY,3031.74,26.54
1715176698019,1715176698114,BINANCE,ETHUSDT,BUY,3031.75,0.141
1715176698019,1715176698114,BINANCE,ETHUSDT,BUY,3031.76,2.201
1715176698019,1715176698114,BINANCE,ETHUSDT,BUY,3031.77,9.944
1715176698019,1715176698114,BINANCE,ETHUSDT,BUY,3031.78,0.167
1715176698019,1715176698114,BINANCE,ETHUSDT,BUY,3031.79,1.296
1715176698019,1715176698114,BINANCE,ETHUSDT,BUY,3031.8,29.546
1715176698019,1715176698114,BINANCE,ETHUSDT,BUY,3031.81,0.007
1715176698019,1715176698114,BINANCE,ETHUSDT,BUY,3031.82,0.47
1715176698019,1715176698114,BINANCE,ETHUSDT,BUY,3031.83,14.104
1715176698019,1715176698114,BINANCE,ETHUSDT,BUY,3031.84,1.094
1715176698019,1715176698114,BINANCE,ETHUSDT,BUY,3031.85,0.058
1715176698019,1715176698114,BINANCE,ETHUSDT,BUY,3031.86,0.174
1715176698019,1715176698114,BINANCE,ETHUSDT,BUY,3031.87,22.59
1715176698019,1715176698114,BINANCE,ETHUSDT,BUY,3031.88,0.038
1715176698019,1715176698114,BINANCE,ETHUSDT,BUY,3031.9,18.982
1715176698019,1715176698114,BINANCE,ETHUSDT,BUY,3031.91,5.034
1715176698019,1715176698114,BINANCE,ETHUSDT,BUY,3031.92,0.784
1715176698019,1715176698114,BINANCE,ETHUSDT,BUY,3031.93,24.984
1715176698019,1715176698114,BINANCE,ETHUSDT,SELL,3030.08,0.331
1715176698019,1715176698114,BINANCE,ETHUSDT,BUY,3031.93,0.022
1715176698019,1715176698114,BINANCE,ETHUSDT,SELL,3030.99,5.4
1715176698019,1715176698114,BINANCE,ETHUSDT,SELL,3030.98,5.4
1715176698019,1715176698114,BINANCE,ETHUSDT,SELL,3030.97,5.4
1715176698019,1715176698114,BINANCE,ETHUSDT,SELL,3030.91,5.4
1715176698020,1715176698115,BINANCE,ETHUSDT,SELL,3030.89,5.4
1715176698020,1715176698115,BINANCE,ETHUSDT,SELL,3030.88,5.4
1715176698020,1715176698115,BINANCE,ETHUSDT,SELL,3030.87,10.8
1715176698020,1715176698115,BINANCE,ETHUSDT,SELL,3030.84,0.83
1715176698020,1715176698115,BINANCE,ETHUSDT,BUY,3031.11,0.009
1715176698020,1715176698115,BINANCE,ETHUSDT,BUY,3031.93,0.12
1715176698020,1715176698115,BINANCE,ETHUSDT,SELL,3031.16,5.4
1715176698020,1715176698115,BINANCE,ETHUSDT,SELL,3031.15,5.4
1715176698020,1715176698115,BINANCE,ETHUSDT,SELL,3031.14,5.4
1715176698020,1715176698115,BINANCE,ETHUSDT,SELL,3031.13,5.4
1715176698020,1715176698115,BINANCE,ETHUSDT,SELL,3031.12,5.4
1715176698020,1715176698115,BINANCE,ETHUSDT,SELL,3031.11,5.391
1715176698020,1715176698115,BINANCE,ETHUSDT,SELL,3031.1,1.846
1715176698020,1715176698115,BINANCE,ETHUSDT,SELL,3031.19,5.4
1715176698020,1715176698115,BINANCE,ETHUSDT,SELL,3031.17,2
1715176698020,1715176698115,BINANCE,ETHUSDT,SELL,3031.2,0.022
1715176698020,1715176698115,BINANCE,ETHUSDT,SELL,3031.21,5.4
1715176698020,1715176698115,BINANCE,ETHUSDT,SELL,3031.2,1.62
1715176698020,1715176698115,BINANCE,ETHUSDT,BUY,3031.93,8.222
1715176698020,1715176698115,BINANCE,ETHUSDT,SELL,3031.27,5.4
1715176698020,1715176698115,BINANCE,ETHUSDT,SELL,3031.24,0.983
1715176698020,1715176698115,BINANCE,ETHUSDT,BUY,3031.93,0.565
1715176698020,1715176698115,BINANCE,ETHUSDT,BUY,3031.94,2.165
1715176698016,1715176698116,BINANCE,BNBUSDT,BUY,585.51,0.04
1715176698022,1715176698116,BINANCE,ETHUSDT,SELL,3031.24,0.134
1715176698025,1715176698116,BINANCE,BNBUSDT,SELL,585.51,0.02
1715176698028,1715176698116,BINANCE,BNBUSDT,BUY,585.52,0.01
1715176698027,1715176698116,BINANCE,ETHUSDT,BUY,3031.28,0.099
1715176698028,1715176698118,BINANCE,ETHUSDT,SELL,3031.24,0.05
1715176698032,1715176698118,BINANCE,ETHUSDT,BUY,3031.25,0.153
1715176698051,1715176698118,BINANCE,ETHUSDT,SELL,3031.24,0.796
1715176698051,1715176698118,BINANCE,ETHUSDT,SELL,3031,0.816
1715176698051,1715176698118,BINANCE,ETHUSDT,SELL,3030.97,0.388
1715176698068,1715176698118,BINANCE,ETHUSDT,BUY,3030.9,0.01
1715176698028,1715176698118,BINANCE,BNBUSDT,BUY,585.54,5.86
1715176698104,1715176698118,BINANCE,BNBUSDT,BUY,585.55,0.01
1715176698068,1715176698118,BINANCE,ETHUSDT,BUY,3030.99,2.219
1715176698133,1715176698148,BINANCE,ETHUSDT,SELL,3030.98,0.656
1715176698136,1715176698148,BINANCE,ETHUSDT,BUY,3030.99,0.06
1715176698136,1715176698148,BINANCE,ETHUSDT,SELL,3030.98,0.301
1715176698010,1715176698148,BINANCE,SOLUSDT,BUY,147.572,1
1715176698145,1715176698148,BINANCE,SOLUSDT,BUY,147.593,3
1715176698145,1715176698148,BINANCE,SOLUSDT,BUY,147.594,2
1715176698137,1715176698173,BINANCE,ETHUSDT,BUY,3030.99,1.537
1715176698109,1715176698173,BINANCE,BNBUSDT,BUY,585.56,3.07
1715176698159,1715176698173,BINANCE,ETHUSDT,SELL,3030.98,0.48
1715176698145,1715176698184,BINANCE,SOLUSDT,BUY,147.596,9
1715176698183,1715176698221,BINANCE,ETHUSDT,BUY,3030.99,0.705
1715176698237,1715176698222,BINANCE,ETHUSDT,SELL,3030.98,12.382
1715176698239,1715176698223,BINANCE,ETHUSDT,SELL,3030.96,1.457
1715176698160,1715176698258,BINANCE,BNBUSDT,BUY,585.57,0.13
1715176698239,1715176698258,BINANCE,ETHUSDT,BUY,3030.97,0.553
1715176698272,1715176698263,BINANCE,ETHUSDT,SELL,3030.96,0.022
1715176698279,1715176698311,BINANCE,ETHUSDT,BUY,3030.97,1.797
1715176698326,1715176698322,BINANCE,ETHUSDT,SELL,3030.96,3.186
1715176698334,1715176698328,BINANCE,ETHUSDT,BUY,3030.93,0.013
1715176698342,1715176698328,BINANCE,ETHUSDT,SELL,3030.92,2.185
1715176698274,1715176698328,BINANCE,BNBUSDT,BUY,585.57,0.09
1715176698199,1715176698332,BINANCE,SOLUSDT,SELL,147.595,2
1715176698344,1715176698340,BINANCE,BNBUSDT,SELL,585.56,0.62
1715176698356,1715176698440,BINANCE,BNBUSDT,BUY,585.57,0.13
1715176698343,1715176698444,BINANCE,ETHUSDT,SELL,3030.88,1.271
1715176698459,1715176698460,BINANCE,ETHUSDT,SELL,3030.88,0.078
1715176698453,1715176698469,BINANCE,BNBUSDT,SELL,585.56,0.04
1715176698346,1715176698483,BINANCE,SOLUSDT,SELL,147.59,1
1715176698463,1715176698528,BINANCE,ETHUSDT,BUY,3030.89,0.049
1715176698541,1715176698560,BINANCE,ETHUSDT,SELL,3030.88,0.235
1715176698573,1715176698565,BINANCE,ETHUSDT,BUY,3030.89,0.377
1715176698483,1715176698579,BINANCE,BNBUSDT,BUY,585.57,0.14
1715176698579,1715176698588,BINANCE,ETHUSDT,SELL,3030.88,0.74
1715176698601,1715176698609,BINANCE,ETHUSDT,BUY,3030.89,0.135
1715176698506,1715176698640,BINANCE,SOLUSDT,SELL,147.586,19
1715176698621,1715176698666,BINANCE,ETHUSDT,SELL,3030.88,0.016
1715176698654,1715176698701,BINANCE,SOLUSDT,BUY,147.587,1
1715176698592,1715176698712,BINANCE,BNBUSDT,BUY,585.57,0.84
1715176698677,1715176698802,BINANCE,ETHUSDT,BUY,3030.89,0.058
1715176698816,1715176698811,BINANCE,ETHUSDT,BUY,3030.89,3.394
1715176698826,1715176698831,BINANCE,ETHUSDT,SELL,3030.88,0.009
1715176698714,1715176698848,BINANCE,SOLUSDT,BUY,147.596,4
1715176698725,1715176698862,BINANCE,BNBUSDT,BUY,585.58,0.01
1715176698846,1715176698872,BINANCE,ETHUSDT,BUY,3030.89,0.775
1715176698886,1715176698886,BINANCE,ETHUSDT,SELL,3030.88,5.711
1715176698899,1715176698886,BINANCE,ETHUSDT,BUY,3030.89,12.408
1715176698899,1715176698886,BINANCE,ETHUSDT,BUY,3030.95,0.484
1715176698899,1715176698886,BINANCE,ETHUSDT,BUY,3030.97,0.017
1715176698899,1715176698886,BINANCE,ETHUSDT,BUY,3030.99,1.525
1715176698899,1715176698886,BINANCE,ETHUSDT,BUY,3031.1,0.49
1715176698899,1715176698886,BINANCE,ETHUSDT,BUY,3031.16,0.007
1715176698899,1715176698886,BINANCE,ETHUSDT,BUY,3031.19,0.483
1715176698899,1715176698887,BINANCE,ETHUSDT,BUY,3031.2,1.536
1715176698899,1715176698887,BINANCE,ETHUSDT,BUY,3031.24,0.007
1715176698899,1715176698887,BINANCE,ETHUSDT,BUY,3031.25,3.19
1715176698899,1715176698887,BINANCE,ETHUSDT,BUY,3031.26,9.426
1715176698899,1715176698887,BINANCE,ETHUSDT,BUY,3031.3,0.009
1715176698899,1715176698887,BINANCE,ETHUSDT,BUY,3031.32,0.007
1715176698899,1715176698887,BINANCE,ETHUSDT,BUY,3031.36,2.639
1715176698899,1715176698887,BINANCE,ETHUSDT,BUY,3031.38,9.426
1715176698899,1715176698887,BINANCE,ETHUSDT,BUY,3031.39,0.05
1715176698899,1715176698887,BINANCE,ETHUSDT,BUY,3031.4,1.533
1715176698899,1715176698887,BINANCE,ETHUSDT,BUY,3031.44,0.009
1715176698899,1715176698888,BINANCE,ETHUSDT,BUY,3031.45,0.523
1715176698899,1715176698888,BINANCE,ETHUSDT,BUY,3031.46,0.6
1715176698899,1715176698888,BINANCE,ETHUSDT,BUY,3031.47,1.633
1715176698899,1715176698888,BINANCE,ETHUSDT,BUY,3031.48,0.016
1715176698899,1715176698888,BINANCE,ETHUSDT,BUY,3031.5,0.011
1715176698899,1715176698888,BINANCE,ETHUSDT,BUY,3031.53,1.086
1715176698899,1715176698888,BINANCE,ETHUSDT,BUY,3031.54,0.05
1715176698899,1715176698888,BINANCE,ETHUSDT,BUY,3031.55,2.639
1715176698899,1715176698888,BINANCE,ETHUSDT,BUY,3031.56,1.656
1715176698899,1715176698888,BINANCE,ETHUSDT,BUY,3031.58,2.25
1715176698899,1715176698888,BINANCE,ETHUSDT,BUY,3031.59,0.024
1715176698899,1715176698888,BINANCE,ETHUSDT,BUY,3031.6,1.526
1715176698899,1715176698889,BINANCE,ETHUSDT,BUY,3031.61,0.409
1715176698899,1715176698889,BINANCE,ETHUSDT,BUY,3031.62,4.561
1715176698899,1715176698889,BINANCE,ETHUSDT,BUY,3031.63,1.649
1715176698899,1715176698889,BINANCE,ETHUSDT,BUY,3031.64,0.007
1715176698899,1715176698889,BINANCE,ETHUSDT,BUY,3031.65,0.02
1715176698899,1715176698889,BINANCE,ETHUSDT,BUY,3031.72,0.007
1715176698899,1715176698889,BINANCE,ETHUSDT,BUY,3031.74,3.701
1715176698899,1715176698898,BINANCE,ETHUSDT,BUY,3031.75,9.351
1715176698910,1715176698911,BINANCE,ETHUSDT,BUY,3031.6,0.1
1715176698923,1715176698911,BINANCE,ETHUSDT,SELL,3031.53,0.01
1715176698923,1715176698920,BINANCE,ETHUSDT,SELL,3031.46,0.098
1715176698930,1715176698921,BINANCE,ETHUSDT,SELL,3031.36,0.025
1715176698930,1715176698921,BINANCE,ETHUSDT,SELL,3031.32,0.015
1715176698932,1715176698921,BINANCE,ETHUSDT,SELL,3031.28,0.015
1715176698932,1715176698921,BINANCE,ETHUSDT,SELL,3031.24,0.015
1715176698933,1715176698924,BINANCE,ETHUSDT,SELL,3031.2,0.055
1715176698936,1715176698927,BINANCE,ETHUSDT,SELL,3031.18,0.01
1715176698939,1715176698927,BINANCE,ETHUSDT,SELL,3031.16,0.015
1715176698939,1715176698928,BINANCE,ETHUSDT,SELL,3031.12,0.015
1715176698944,1715176698929,BINANCE,ETHUSDT,SELL,3031.09,4.74
1715176698944,1715176698935,BINANCE,ETHUSDT,BUY,3031.1,7.382
1715176698946,1715176698935,BINANCE,ETHUSDT,SELL,3031.09,18.921
1715176698947,1715176698935,BINANCE,ETHUSDT,SELL,3031.08,0.015
1715176698947,1715176698935,BINANCE,ETHUSDT,SELL,3031.06,0.059
1715176698947,1715176698943,BINANCE,ETHUSDT,SELL,3031.04,0.015
1715176698957,1715176698944,BINANCE,ETHUSDT,SELL,3031,0.049
1715176698959,1715176698952,BINANCE,ETHUSDT,BUY,3030.97,0.045
1715176698968,1715176698976,BINANCE,ETHUSDT,SELL,3030.96,0.419
1715176698990,1715176698976,BINANCE,ETHUSDT,BUY,3030.97,0.007
1715176698990,1715176699003,BINANCE,ETHUSDT,BUY,3030.99,0.237
1715176699017,1715176699003,BINANCE,ETHUSDT,SELL,3031.07,0.02
1715176699017,1715176699016,BINANCE,ETHUSDT,BUY,3031.08,0.163
1715176699030,1715176699032,BINANCE,ETHUSDT,SELL,3031.07,13.792
1715176699046,1715176699032,BINANCE,ETHUSDT,BUY,3031.05,2.427
1715176699030,1715176699037,BINANCE,SOLUSDT,BUY,147.598,1
1715176699046,1715176699062,BINANCE,ETHUSDT,SELL,3031.04,0.01
1715176699077,1715176699062,BINANCE,ETHUSDT,BUY,3030.97,15.812
1715176699077,1715176699062,BINANCE,ETHUSDT,BUY,3031,0.745
1715176699077,1715176699066,BINANCE,ETHUSDT,SELL,3030.96,0.01
1715176699082,1715176699066,BINANCE,ETHUSDT,BUY,3031,0.781
1715176699053,1715176699083,BINANCE,SOLUSDT,SELL,147.595,8
1715176699082,1715176699100,BINANCE,ETHUSDT,BUY,3031.03,16.592
1715176699115,1715176699101,BINANCE,ETHUSDT,BUY,3031.05,0.782
1715176699115,1715176699101,BINANCE,ETHUSDT,BUY,3031.09,1.132
1715176699115,1715176699101,BINANCE,ETHUSDT,BUY,3031.1,1.553
1715176699115,1715176699101,BINANCE,ETHUSDT,BUY,3031.15,0.049
1715176699115,1715176699102,BINANCE,ETHUSDT,BUY,3031.18,0.998
1715176699115,1715176699102,BINANCE,ETHUSDT,BUY,3031.2,1.646
1715176699115,1715176699102,BINANCE,ETHUSDT,BUY,3031.31,5.355
1715176699118,1715176699126,BINANCE,ETHUSDT,SELL,3031.3,6.079
1715176699142,1715176699137,BINANCE,ETHUSDT,BUY,3031.04,12.903
1715176699150,1715176699141,BINANCE,ETHUSDT,BUY,3031.09,4.459
1715176699157,1715176699141,BINANCE,ETHUSDT,BUY,3031.17,0.066
1715176699159,1715176699157,BINANCE,ETHUSDT,BUY,3031.1,1.196
1715176699173,1715176699173,BINANCE,ETHUSDT,SELL,3031.09,0.015
1715176699188,1715176699174,BINANCE,ETHUSDT,BUY,3031.1,0.017
1715176699066,1715176699201,BINANCE,BNBUSDT,SELL,585.59,0.03
1715176699098,1715176699233,BINANCE,SOLUSDT,BUY,147.596,3
1715176699192,1715176699285,BINANCE,ETHUSDT,SELL,3031.09,2.028
1715176699301,1715176699286,BINANCE,ETHUSDT,BUY,3031.01,0.258
1715176699301,1715176699297,BINANCE,ETHUSDT,SELL,3031,0.01
1715176699313,1715176699298,BINANCE,ETHUSDT,BUY,3031.01,4.921
1715176699315,1715176699298,BINANCE,ETHUSDT,SELL,3031,2.015
1715176699315,1715176699311,BINANCE,ETHUSDT,SELL,3030.96,1.002
1715176699327,1715176699318,BINANCE,ETHUSDT,BUY,3030.97,0.379
1715176699333,1715176699336,BINANCE,ETHUSDT,SELL,3030.96,10
1715176699349,1715176699337,BINANCE,ETHUSDT,BUY,3030.97,2.253
1715176699352,1715176699352,BINANCE,ETHUSDT,SELL,3030.96,0.023
1715176699365,1715176699363,BINANCE,ETHUSDT,BUY,3030.97,2.553
1715176699375,1715176699408,BINANCE,ETHUSDT,SELL,3030.96,0.04
1715176699420,1715176699454,BINANCE,ETHUSDT,BUY,3030.97,30.555
1715176699467,1715176699454,BINANCE,ETHUSDT,BUY,3031,1.526
1715176699467,1715176699515,BINANCE,ETHUSDT,BUY,3031.01,0.428
1715176699387,1715176699523,BINANCE,SOLUSDT,BUY,147.592,31
1715176699528,1715176699556,BINANCE,ETHUSDT,SELL,3031,0.357
1715176699687,1715176699678,BINANCE,SOLUSDT,SELL,147.591,2
1715176699687,1715176699678,BINANCE,SOLUSDT,SELL,147.59,1
1715176699687,1715176699696,BINANCE,SOLUSDT,SELL,147.589,1
1715176699568,1715176699926,BINANCE,ETHUSDT,BUY,3031.01,0.171
1715176699760,1715176699926,BINANCE,ETHUSDT,BUY,3031.01,15.144
1715176699700,1715176699926,BINANCE,SOLUSDT,BUY,147.589,3
1715176699766,1715176699926,BINANCE,ETHUSDT,SELL,3031,0.204
1715176699865,1715176699953,BINANCE,ETHUSDT,BUY,3031.01,11.214
1715176699953,1715176699953,BINANCE,ETHUSDT,BUY,3031.08,0.55
1715176699953,1715176699953,BINANCE,ETHUSDT,BUY,3031.09,0.932
1715176699953,1715176699953,BINANCE,ETHUSDT,BUY,3031.1,0.837
1715176699953,1715176699953,BINANCE,ETHUSDT,BUY,3031.2,1.526
1715176699953,1715176699953,BINANCE,ETHUSDT,BUY,3031.27,0.007
1715176699953,1715176699953,BINANCE,ETHUSDT,BUY,3031.34,0.008
1715176699953,1715176699953,BINANCE,ETHUSDT,BUY,3031.35,0.978
1715176699961,1715176699953,BINANCE,ETHUSDT,SELL,3031.34,42.071
1715176699966,1715176699953,BINANCE,ETHUSDT,SELL,3031.33,0.01
1715176699966,1715176700006,BINANCE,ETHUSDT,SELL,3031.19,0.02
1715176700020,1715176700006,BINANCE,ETHUSDT,BUY,3031.2,0.071
1715176700020,1715176700006,BINANCE,ETHUSDT,SELL,3031.19,10.373
1715176700020,1715176700006,BINANCE,ETHUSDT,BUY,3031.2,1.442
1715176700020,1715176700006,BINANCE,ETHUSDT,SELL,3031.19,0.634
1715176700020,1715176700006,BINANCE,ETHUSDT,BUY,3031.2,4.072
1715176700020,1715176700006,BINANCE,ETHUSDT,SELL,3031.19,0.409
1715176700020,1715176700006,BINANCE,ETHUSDT,SELL,3031.17,0.007
1715176700020,1715176700006,BINANCE,ETHUSDT,BUY,3031.2,25.017
1715176700020,1715176700006,BINANCE,ETHUSDT,BUY,3031.32,6.931
1715176700020,1715176700006,BINANCE,ETHUSDT,BUY,3031.33,0.391
1715176700020,1715176700006,BINANCE,ETHUSDT,BUY,3031.34,2.502
1715176700020,1715176700006,BINANCE,ETHUSDT,BUY,3031.35,2.25
1715176700020,1715176700006,BINANCE,ETHUSDT,BUY,3031.4,1.526
1715176700020,1715176700006,BINANCE,ETHUSDT,BUY,3031.45,0.704
1715176700020,1715176700006,BINANCE,ETHUSDT,BUY,3031.46,2.25
1715176700020,1715176700006,BINANCE,ETHUSDT,BUY,3031.5,0.146
1715176700020,1715176700006,BINANCE,ETHUSDT,BUY,3031.51,0.007
1715176700020,1715176700006,BINANCE,ETHUSDT,BUY,3031.52,0.007
1715176700020,1715176700006,BINANCE,ETHUSDT,BUY,3031.54,0.993
1715176700020,1715176700006,BINANCE,ETHUSDT,BUY,3031.59,0.807
1715176700020,1715176700006,BINANCE,ETHUSDT,BUY,3031.6,3.225
1715176700020,1715176700006,BINANCE,ETHUSDT,BUY,3031.61,2.25
1715176700020,1715176700006,BINANCE,ETHUSDT,BUY,3031.67,0.007
1715176700020,1715176700008,BINANCE,ETHUSDT,BUY,3031.68,0.007
1715176700020,1715176700008,BINANCE,ETHUSDT,BUY,3031.69,2.639
1715176700020,1715176700008,BINANCE,ETHUSDT,BUY,3031.7,0.031
1715176700020,1715176700008,BINANCE,ETHUSDT,BUY,3031.71,2.639
1715176700020,1715176700008,BINANCE,ETHUSDT,BUY,3031.72,9.312
1715176700020,1715176700008,BINANCE,ETHUSDT,BUY,3031.73,11.002
1715176700020,1715176700008,BINANCE,ETHUSDT,BUY,3031.74,2.427
1715176700020,1715176700008,BINANCE,ETHUSDT,SELL,3031.16,0.01
1715176700020,1715176700008,BINANCE,ETHUSDT,BUY,3031.17,2.817
1715176700020,1715176700009,BINANCE,ETHUSDT,SELL,3031.73,0.01
1715176700024,1715176700009,BINANCE,ETHUSDT,BUY,3031.74,2.368
1715176700025,1715176700019,BINANCE,ETHUSDT,SELL,3031.73,0.47
1715176700033,1715176700019,BINANCE,ETHUSDT,BUY,3031.74,0.05
1715176700033,1715176700023,BINANCE,ETHUSDT,SELL,3031.73,5.368
1715176700039,1715176700025,BINANCE,ETHUSDT,BUY,3031.6,0.05
1715176700039,1715176700025,BINANCE,ETHUSDT,SELL,3031.34,0.008
1715176700039,1715176700025,BINANCE,ETHUSDT,SELL,3031.31,0.002
1715176700040,1715176700029,BINANCE,ETHUSDT,SELL,3031.39,0.08
1715176700043,1715176700029,BINANCE,ETHUSDT,SELL,3031.48,0.068
1715176700044,1715176700047,BINANCE,ETHUSDT,SELL,3031.43,0.271
1715176700063,1715176700047,BINANCE,ETHUSDT,BUY,3031.4,0.287
1715176700063,1715176700062,BINANCE,ETHUSDT,SELL,3031.39,2.762
1715176700074,1715176700062,BINANCE,ETHUSDT,SELL,3031.36,0.007
1715176700074,1715176700062,BINANCE,ETHUSDT,SELL,3031.34,6.122
1715176700074,1715176700062,BINANCE,ETHUSDT,SELL,3031.31,9.438
1715176700075,1715176700070,BINANCE,ETHUSDT,SELL,3031.3,13.217
1715176700085,1715176700081,BINANCE,ETHUSDT,SELL,3031.2,0.007
1715176700096,1715176700090,BINANCE,ETHUSDT,SELL,3031.16,0.024
1715176700105,1715176700141,BINANCE,ETHUSDT,SELL,3031.13,0.12
1715176700158,1715176700207,BINANCE,ETHUSDT,BUY,3031.14,0.171
1715176700222,1715176700211,BINANCE,ETHUSDT,SELL,3031.13,0.093
1715176700225,1715176700216,BINANCE,ETHUSDT,BUY,3031.14,0.061
1715176700232,1715176700221,BINANCE,ETHUSDT,SELL,3031.13,1.829
1715176700235,1715176700221,BINANCE,ETHUSDT,SELL,3031.04,0.007
1715176700236,1715176700222,BINANCE,ETHUSDT,BUY,3031.02,0.06
1715176700238,1715176700222,BINANCE,ETHUSDT,SELL,3031.01,2.294
1715176700238,1715176700227,BINANCE,ETHUSDT,SELL,3031,0.534
1715176700242,1715176700236,BINANCE,ETHUSDT,SELL,3030.96,0.32
1715176700251,1715176700237,BINANCE,ETHUSDT,BUY,3030.97,0.241
1715176700251,1715176700237,BINANCE,ETHUSDT,SELL,3030.96,0.245
1715176700251,1715176700237,BINANCE,ETHUSDT,BUY,3030.97,0.049
1715176700251,1715176700255,BINANCE,ETHUSDT,SELL,3030.96,0.64
1715176700246,1715176700316,BINANCE,SOLUSDT,SELL,147.588,452
1715176700328,1715176700316,BINANCE,SOLUSDT,SELL,147.587,1
1715176700328,1715176700316,BINANCE,SOLUSDT,SELL,147.586,1
1715176700328,1715176700316,BINANCE,SOLUSDT,SELL,147.584,1
1715176700328,1715176700316,BINANCE,SOLUSDT,SELL,147.58,11
1715176700328,1715176700316,BINANCE,SOLUSDT,SELL,147.579,10
1715176700328,1715176700316,BINANCE,SOLUSDT,SELL,147.578,18
1715176700328,1715176700316,BINANCE,SOLUSDT,SELL,147.577,3
1715176700328,1715176700317,BINANCE,SOLUSDT,SELL,147.576,10
1715176700328,1715176700317,BINANCE,SOLUSDT,SELL,147.574,1
1715176700328,1715176700317,BINANCE,SOLUSDT,SELL,147.572,11
1715176700328,1715176700317,BINANCE,SOLUSDT,SELL,147.571,10
1715176700328,1715176700317,BINANCE,SOLUSDT,SELL,147.57,43
1715176700268,1715176700405,BINANCE,ETHUSDT,BUY,3030.97,11.024
1715176700421,1715176700407,BINANCE,ETHUSDT,SELL,3030.93,0.007
1715176700421,1715176700407,BINANCE,ETHUSDT,SELL,3030.92,0.015
1715176700421,1715176700407,BINANCE,ETHUSDT,SELL,3030.88,0.015
1715176700421,1715176700407,BINANCE,ETHUSDT,SELL,3030.87,0.049
1715176700421,1715176700428,BINANCE,ETHUSDT,SELL,3030.86,0.009
1715176700473,1715176700463,BINANCE,BNBUSDT,SELL,585.59,2.6
1715176700473,1715176700463,BINANCE,BNBUSDT,SELL,585.57,0.27
1715176700328,1715176700467,BINANCE,SOLUSDT,SELL,147.569,97
1715176700443,1715176700473,BINANCE,ETHUSDT,BUY,3030.86,1.936
1715176700488,1715176700475,BINANCE,ETHUSDT,SELL,3030.85,21.228
1715176700488,1715176700475,BINANCE,ETHUSDT,SELL,3030.84,0.015
1715176700488,1715176700475,BINANCE,ETHUSDT,SELL,3030.8,0.015
1715176700488,1715176700475,BINANCE,ETHUSDT,SELL,3030.76,2.655
1715176700488,1715176700475,BINANCE,ETHUSDT,SELL,3030.73,0.008
1715176700488,1715176700475,BINANCE,ETHUSDT,SELL,3030.72,1.289
1715176700488,1715176700475,BINANCE,ETHUSDT,SELL,3030.71,0.382
1715176700488,1715176700475,BINANCE,ETHUSDT,SELL,3030.7,14.618
1715176700488,1715176700475,BINANCE,ETHUSDT,SELL,3030.69,1.412
1715176700488,1715176700475,BINANCE,ETHUSDT,SELL,3030.68,0.272
1715176700488,1715176700475,BINANCE,ETHUSDT,SELL,3030.67,9.913
1715176700488,1715176700475,BINANCE,ETHUSDT,SELL,3030.65,14.059
1715176700488,1715176700476,BINANCE,ETHUSDT,SELL,3030.64,6.7
1715176700488,1715176700476,BINANCE,ETHUSDT,SELL,3030.63,15.896
1715176700489,1715176700476,BINANCE,ETHUSDT,SELL,3030.61,0.342
1715176700489,1715176700476,BINANCE,ETHUSDT,SELL,3030.6,0.054
1715176700489,1715176700476,BINANCE,ETHUSDT,SELL,3030.59,0.312
1715176700489,1715176700476,BINANCE,ETHUSDT,SELL,3030.58,1.625
1715176700489,1715176700476,BINANCE,ETHUSDT,SELL,3030.57,13.263
1715176700489,1715176700476,BINANCE,ETHUSDT,SELL,3030.56,0.031
1715176700489,1715176700476,BINANCE,ETHUSDT,SELL,3030.54,0.008
1715176700489,1715176700476,BINANCE,ETHUSDT,SELL,3030.53,0.06
1715176700489,1715176700476,BINANCE,ETHUSDT,SELL,3030.52,0.206
1715176700489,1715176700476,BINANCE,ETHUSDT,SELL,3030.49,9.505
1715176700489,1715176700476,BINANCE,ETHUSDT,SELL,3030.48,9.34
1715176700489,1715176700476,BINANCE,ETHUSDT,SELL,3030.47,2.654
1715176700489,1715176700476,BINANCE,ETHUSDT,SELL,3030.45,1.492
1715176700489,1715176700476,BINANCE,ETHUSDT,SELL,3030.44,6.613
1715176700489,1715176700479,BINANCE,ETHUSDT,SELL,3030.43,8.078
1715176700494,1715176700486,BINANCE,ETHUSDT,BUY,3030.44,0.05
1715176700498,1715176700486,BINANCE,ETHUSDT,SELL,3030.43,0.574
1715176700498,1715176700492,BINANCE,ETHUSDT,BUY,3030.44,0.362
1715176700506,1715176700501,BINANCE,ETHUSDT,SELL,3030.43,0.05
1715176700571,1715176700565,BINANCE,SOLUSDT,SELL,147.569,30
1715176700580,1715176700569,BINANCE,SOLUSDT,SELL,147.564,1
1715176700473,1715176700597,BINANCE,BNBUSDT,SELL,585.56,0.83
1715176700610,1715176700597,BINANCE,BNBUSDT,SELL,585.56,0.45
1715176700610,1715176700597,BINANCE,BNBUSDT,SELL,585.54,1.99
1715176700581,1715176700629,BINANCE,SOLUSDT,SELL,147.562,87
1715176700515,1715176700637,BINANCE,ETHUSDT,BUY,3030.44,0.711
1715176700639,1715176700688,BINANCE,SOLUSDT,SELL,147.552,11
1715176700610,1715176700745,BINANCE,BNBUSDT,SELL,585.53,13.68
1715176700652,1715176700760,BINANCE,ETHUSDT,BUY,3030.44,4.877
1715176700703,1715176700839,BINANCE,SOLUSDT,SELL,147.546,1
1715176700774,1715176700911,BINANCE,ETHUSDT,BUY,3030.44,0.178
1715176700853,1715176700976,BINANCE,SOLUSDT,BUY,147.545,5
1715176700989,1715176700998,BINANCE,ETHUSDT,SELL,3030.43,1.957
1715176701013,1715176700998,BINANCE,ETHUSDT,BUY,3030.44,6.71
1715176701013,1715176700998,BINANCE,ETHUSDT,BUY,3030.48,0.007
1715176701013,1715176700999,BINANCE,ETHUSDT,BUY,3030.59,0.268
1715176701013,1715176701016,BINANCE,ETHUSDT,BUY,3030.6,0.166
1715176701028,1715176701016,BINANCE,ETHUSDT,BUY,3030.61,1.62
1715176701028,1715176701016,BINANCE,ETHUSDT,BUY,3030.64,0.048
1715176701028,1715176701016,BINANCE,ETHUSDT,BUY,3030.68,0.049
1715176701028,1715176701016,BINANCE,ETHUSDT,BUY,3030.69,0.007
1715176701028,1715176701016,BINANCE,ETHUSDT,BUY,3030.74,1.979
1715176701028,1715176701016,BINANCE,ETHUSDT,BUY,3030.75,3.214
1715176701028,1715176701016,BINANCE,ETHUSDT,BUY,3030.76,0.2
1715176701028,1715176701016,BINANCE,ETHUSDT,BUY,3030.77,0.007
1715176701028,1715176701017,BINANCE,ETHUSDT,BUY,3030.84,0.2
1715176701028,1715176701017,BINANCE,ETHUSDT,BUY,3030.85,0.007
1715176701028,1715176701017,BINANCE,ETHUSDT,BUY,3030.86,0.085
1715176701028,1715176701017,BINANCE,ETHUSDT,BUY,3030.87,0.09
1715176701028,1715176701017,BINANCE,ETHUSDT,BUY,3030.88,0.007
1715176701028,1715176701017,BINANCE,ETHUSDT,BUY,3030.9,0.015
1715176701028,1715176701024,BINANCE,ETHUSDT,BUY,3030.91,0.113
1715176701039,1715176701040,BINANCE,ETHUSDT,BUY,3030.9,0.065
1715176701056,1715176701054,BINANCE,ETHUSDT,SELL,3030.89,0.034
1715176701069,1715176701054,BINANCE,ETHUSDT,BUY,3030.86,0.812
1715176700991,1715176701066,BINANCE,SOLUSDT,BUY,147.545,25
1715176701069,1715176701089,BINANCE,ETHUSDT,SELL,3030.85,3.031
1715176701104,1715176701089,BINANCE,ETHUSDT,BUY,3030.86,0.63
1715176701105,1715176701096,BINANCE,ETHUSDT,SELL,3030.85,0.167
1715176701083,1715176701218,BINANCE,SOLUSDT,SELL,147.544,11
1715176701113,1715176701248,BINANCE,ETHUSDT,BUY,3030.86,0.944
1715176701271,1715176701385,BINANCE,ETHUSDT,BUY,3030.86,4.167
1715176701253,1715176701388,BINANCE,SOLUSDT,BUY,147.545,2
1715176701401,1715176701501,BINANCE,ETHUSDT,BUY,3030.86,0.039
1715176701515,1715176701530,BINANCE,ETHUSDT,BUY,3030.86,30.524
1715176701542,1715176701530,BINANCE,ETHUSDT,BUY,3030.9,0.49
1715176701542,1715176701530,BINANCE,ETHUSDT,BUY,3030.93,2.25
1715176701542,1715176701530,BINANCE,ETHUSDT,BUY,3030.99,3.8
1715176701542,1715176701530,BINANCE,ETHUSDT,BUY,3031,7.353
1715176701542,1715176701535,BINANCE,ETHUSDT,BUY,3031.01,0.2
1715176701542,1715176701535,BINANCE,ETHUSDT,BUY,3031.04,4.4
1715176701542,1715176701536,BINANCE,ETHUSDT,BUY,3031.07,0.2
1715176701542,1715176701536,BINANCE,ETHUSDT,BUY,3031.09,1.924
1715176701542,1715176701536,BINANCE,ETHUSDT,BUY,3031.11,2.229
1715176701542,1715176701536,BINANCE,ETHUSDT,BUY,3031.12,10.013
1715176701542,1715176701536,BINANCE,ETHUSDT,BUY,3031.15,2.033
1715176701542,1715176701536,BINANCE,ETHUSDT,BUY,3031.17,1.986
1715176701542,1715176701536,BINANCE,ETHUSDT,BUY,3031.18,0.166
1715176701542,1715176701536,BINANCE,ETHUSDT,BUY,3031.19,0.195
1715176701542,1715176701536,BINANCE,ETHUSDT,BUY,3031.2,6.648
1715176701542,1715176701536,BINANCE,ETHUSDT,BUY,3031.26,0.05
1715176701542,1715176701536,BINANCE,ETHUSDT,BUY,3031.3,1.007
1715176701542,1715176701536,BINANCE,ETHUSDT,BUY,3031.31,0.014
1715176701542,1715176701536,BINANCE,ETHUSDT,BUY,3031.32,2.25
1715176701542,1715176701536,BINANCE,ETHUSDT,BUY,3031.36,2.646
1715176701542,1715176701536,BINANCE,ETHUSDT,BUY,3031.37,7.998
1715176701542,1715176701537,BINANCE,ETHUSDT,BUY,3031.38,2.639
1715176701542,1715176701537,BINANCE,ETHUSDT,BUY,3031.39,2.99
1715176701542,1715176701537,BINANCE,ETHUSDT,BUY,3031.4,6.887
1715176701542,1715176701537,BINANCE,ETHUSDT,BUY,3031.41,0.261
1715176701542,1715176701537,BINANCE,ETHUSDT,BUY,3031.42,2.647
1715176701542,1715176701537,BINANCE,ETHUSDT,BUY,3031.43,5.328
1715176701542,1715176701537,BINANCE,ETHUSDT,BUY,3031.44,6.7
1715176701542,1715176701537,BINANCE,ETHUSDT,BUY,3031.45,10.022
1715176701542,1715176701537,BINANCE,ETHUSDT,BUY,3031.46,0.824
1715176701542,1715176701537,BINANCE,ETHUSDT,BUY,3031.47,0.124
1715176701542,1715176701537,BINANCE,ETHUSDT,BUY,3031.49,5.278
1715176701542,1715176701537,BINANCE,ETHUSDT,BUY,3031.5,0.016
1715176701542,1715176701537,BINANCE,ETHUSDT,BUY,3031.51,4.89
1715176701542,1715176701537,BINANCE,ETHUSDT,BUY,3031.52,0.007
1715176701542,1715176701537,BINANCE,ETHUSDT,BUY,3031.53,1.401
1715176701542,1715176701538,BINANCE,ETHUSDT,BUY,3031.54,0.007
1715176701542,1715176701538,BINANCE,ETHUSDT,BUY,3031.55,0.007
1715176701542,1715176701538,BINANCE,ETHUSDT,BUY,3031.57,3.307
1715176701542,1715176701538,BINANCE,ETHUSDT,BUY,3031.58,8.786
1715176701546,1715176701538,BINANCE,SOLUSDT,BUY,147.545,26
1715176701542,1715176701538,BINANCE,ETHUSDT,BUY,3031.59,0.492
1715176701548,1715176701542,BINANCE,ETHUSDT,SELL,3031.57,0.1
1715176701558,1715176701549,BINANCE,ETHUSDT,BUY,3031.58,0.1
1715176701562,1715176701553,BINANCE,ETHUSDT,SELL,3031.57,0.304
1715176701567,1715176701555,BINANCE,ETHUSDT,BUY,3031.58,0.05
1715176701570,1715176701558,BINANCE,ETHUSDT,SELL,3031.57,3.628
1715176701572,1715176701558,BINANCE,ETHUSDT,SELL,3031.24,0.095
1715176701572,1715176701558,BINANCE,ETHUSDT,SELL,3031.12,0.071
1715176701572,1715176701581,BINANCE,ETHUSDT,SELL,3031.06,2.334
1715176701595,1715176701594,BINANCE,ETHUSDT,SELL,3031.31,4.017
1715176701609,1715176701607,BINANCE,ETHUSDT,SELL,3031.23,0.017
1715176701609,1715176701607,BINANCE,ETHUSDT,SELL,3031.2,0.009
1715176701609,1715176701608,BINANCE,ETHUSDT,SELL,3031.15,0.007
1715176701609,1715176701608,BINANCE,ETHUSDT,SELL,3031.09,0.007
1715176701612,1715176701608,BINANCE,ETHUSDT,SELL,3031.07,0.007
1715176701612,1715176701615,BINANCE,ETHUSDT,SELL,3031.04,0.089
1715176701612,1715176701615,BINANCE,ETHUSDT,SELL,3031.01,0.009
1715176701612,1715176701615,BINANCE,ETHUSDT,SELL,3030.99,0.007
1715176701612,1715176701615,BINANCE,ETHUSDT,SELL,3030.97,0.024
1715176701612,1715176701636,BINANCE,ETHUSDT,SELL,3030.91,3.795
1715176701629,1715176701636,BINANCE,ETHUSDT,SELL,3030.88,2.906
1715176701546,1715176701636,BINANCE,SOLUSDT,BUY,147.547,1
1715176701647,1715176701636,BINANCE,SOLUSDT,BUY,147.557,1
1715176701647,1715176701636,BINANCE,SOLUSDT,BUY,147.563,1
1715176701633,1715176701660,BINANCE,ETHUSDT,BUY,3030.89,1
1715176701647,1715176701681,BINANCE,SOLUSDT,BUY,147.567,1
1715176701672,1715176701710,BINANCE,ETHUSDT,SELL,3030.86,5.01
1715176701724,1715176701768,BINANCE,ETHUSDT,BUY,3030.86,1.003
1715176701779,1715176701769,BINANCE,ETHUSDT,SELL,3030.85,3.196
1715176701779,1715176701769,BINANCE,ETHUSDT,SELL,3030.84,13.217
1715176701779,1715176701769,BINANCE,ETHUSDT,SELL,3030.83,0.007
1715176701779,1715176701769,BINANCE,ETHUSDT,SELL,3030.81,9.913
1715176701779,1715176701769,BINANCE,ETHUSDT,SELL,3030.71,0.009
1715176701779,1715176701769,BINANCE,ETHUSDT,SELL,3030.63,0.009
1715176701779,1715176701769,BINANCE,ETHUSDT,SELL,3030.62,0.225
1715176701779,1715176701769,BINANCE,ETHUSDT,SELL,3030.61,0.01
1715176701779,1715176701769,BINANCE,ETHUSDT,SELL,3030.6,4.166
1715176701779,1715176701769,BINANCE,ETHUSDT,SELL,3030.59,1.2
1715176701779,1715176701769,BINANCE,ETHUSDT,SELL,3030.56,0.009
1715176701779,1715176701769,BINANCE,ETHUSDT,SELL,3030.55,2
1715176701779,1715176701770,BINANCE,ETHUSDT,SELL,3030.54,0.078
1715176701779,1715176701770,BINANCE,ETHUSDT,SELL,3030.52,21.173
1715176701779,1715176701770,BINANCE,ETHUSDT,SELL,3030.51,2.9
1715176701779,1715176701770,BINANCE,ETHUSDT,SELL,3030.5,0.263
1715176701779,1715176701770,BINANCE,ETHUSDT,SELL,3030.48,0.268
1715176701779,1715176701770,BINANCE,ETHUSDT,SELL,3030.47,12.04
1715176701779,1715176701770,BINANCE,ETHUSDT,SELL,3030.46,0.09
1715176701779,1715176701770,BINANCE,ETHUSDT,SELL,3030.45,43.194
1715176701779,1715176701770,BINANCE,ETHUSDT,SELL,3030.43,6.83
1715176701779,1715176701773,BINANCE,ETHUSDT,SELL,3030.4,2.93
1715176701694,1715176701773,BINANCE,SOLUSDT,BUY,147.56,20
1715176701785,1715176701777,BINANCE,ETHUSDT,BUY,3030.41,0.05
1715176701790,1715176701855,BINANCE,ETHUSDT,SELL,3030.4,0.1
1715176701868,1715176701886,BINANCE,ETHUSDT,BUY,3030.41,0.151
1715176701785,1715176701923,BINANCE,SOLUSDT,SELL,147.564,9
1715176701899,1715176701935,BINANCE,ETHUSDT,SELL,3030.4,1.354
1715176701950,1715176701981,BINANCE,ETHUSDT,BUY,3030.41,0.395
1715176701995,1715176702023,BINANCE,ETHUSDT,SELL,3030.4,0.833
1715176701943,1715176702081,BINANCE,SOLUSDT,BUY,147.561,8
1715176702037,1715176702089,BINANCE,ETHUSDT,BUY,3030.41,4.996
1715176702101,1715176702089,BINANCE,ETHUSDT,BUY,3030.48,0.007
1715176702101,1715176702089,BINANCE,ETHUSDT,BUY,3030.58,0.007
1715176702101,1715176702089,BINANCE,ETHUSDT,BUY,3030.63,0.01
1715176702103,1715176702089,BINANCE,SOLUSDT,BUY,147.561,8
1715176702104,1715176702092,BINANCE,ETHUSDT,SELL,3030.62,1
1715176702106,1715176702092,BINANCE,ETHUSDT,BUY,3030.66,0.007
1715176702103,1715176702092,BINANCE,SOLUSDT,BUY,147.565,26
1715176702107,1715176702092,BINANCE,SOLUSDT,BUY,147.569,13
1715176702107,1715176702131,BINANCE,SOLUSDT,BUY,147.573,1
1715176702106,1715176702155,BINANCE,ETHUSDT,BUY,3030.67,0.383
1715176702171,1715176702170,BINANCE,ETHUSDT,SELL,3030.66,0.329
1715176702186,1715176702170,BINANCE,ETHUSDT,BUY,3030.67,0.008
1715176702186,1715176702211,BINANCE,ETHUSDT,SELL,3030.66,1
1715176702146,1715176702282,BINANCE,SOLUSDT,SELL,147.576,29
1715176702226,1715176702294,BINANCE,ETHUSDT,BUY,3030.67,0.974
1715176702308,1715176702294,BINANCE,ETHUSDT,BUY,3030.74,0.007
1715176702308,1715176702299,BINANCE,ETHUSDT,BUY,3030.81,1.433
1715176702315,1715176702299,BINANCE,ETHUSDT,BUY,3030.82,0.007
1715176702315,1715176702316,BINANCE,ETHUSDT,BUY,3030.84,0.687
1715176702329,1715176702316,BINANCE,ETHUSDT,BUY,3030.85,0.008
1715176702329,1715176702316,BINANCE,ETHUSDT,BUY,3030.86,0.049
1715176702329,1715176702316,BINANCE,ETHUSDT,BUY,3030.88,0.007
1715176702329,1715176702316,BINANCE,ETHUSDT,BUY,3030.9,0.014
1715176702329,1715176702316,BINANCE,ETHUSDT,BUY,3030.98,0.007
1715176702329,1715176702321,BINANCE,ETHUSDT,BUY,3031.02,0.327
1715176702335,1715176702429,BINANCE,ETHUSDT,BUY,3031.01,0.3
1715176702443,1715176702436,BINANCE,ETHUSDT,BUY,3031.01,0.1
1715176702448,1715176702528,BINANCE,ETHUSDT,SELL,3031,0.242
1715176702541,1715176702639,BINANCE,ETHUSDT,BUY,3031.01,0.65
1715176702647,1715176702709,BINANCE,SOLUSDT,BUY,147.584,18
1715176702652,1715176702743,BINANCE,ETHUSDT,BUY,3031.01,0.442
1715176702721,1715176702858,BINANCE,SOLUSDT,SELL,147.59,15
1715176702756,1715176702892,BINANCE,ETHUSDT,BUY,3031.01,0.061
1715176702985,1715176703030,BINANCE,ETHUSDT,SELL,3031,12.359
1715176703045,1715176703117,BINANCE,ETHUSDT,BUY,3031.01,1.419
1715176703169,1715176703235,BINANCE,SOLUSDT,BUY,147.592,66
1715176703246,1715176703235,BINANCE,SOLUSDT,BUY,147.595,1
1715176703246,1715176703235,BINANCE,SOLUSDT,BUY,147.598,65
1715176703246,1715176703235,BINANCE,SOLUSDT,BUY,147.6,220
1715176703246,1715176703235,BINANCE,SOLUSDT,BUY,147.603,2
1715176703246,1715176703235,BINANCE,SOLUSDT,BUY,147.604,12
1715176703246,1715176703235,BINANCE,SOLUSDT,BUY,147.605,1
1715176703246,1715176703235,BINANCE,SOLUSDT,BUY,147.606,8
1715176703246,1715176703236,BINANCE,SOLUSDT,BUY,147.607,3
1715176703246,1715176703236,BINANCE,SOLUSDT,BUY,147.608,3
1715176703246,1715176703236,BINANCE,SOLUSDT,BUY,147.61,4
1715176703246,1715176703236,BINANCE,SOLUSDT,BUY,147.612,1
1715176703246,1715176703236,BINANCE,SOLUSDT,BUY,147.613,7
1715176703246,1715176703236,BINANCE,SOLUSDT,BUY,147.614,6
1715176703246,1715176703236,BINANCE,SOLUSDT,BUY,147.615,2
1715176703246,1715176703236,BINANCE,SOLUSDT,BUY,147.616,1
1715176703246,1715176703236,BINANCE,SOLUSDT,BUY,147.618,10
1715176703246,1715176703236,BINANCE,SOLUSDT,BUY,147.619,12
1715176703246,1715176703236,BINANCE,SOLUSDT,BUY,147.621,1
1715176703246,1715176703236,BINANCE,SOLUSDT,BUY,147.622,1
1715176703246,1715176703240,BINANCE,SOLUSDT,BUY,147.624,6
1715176703246,1715176703240,BINANCE,SOLUSDT,BUY,147.625,4
1715176703246,1715176703240,BINANCE,SOLUSDT,BUY,147.628,10
1715176703246,1715176703240,BINANCE,SOLUSDT,BUY,147.629,12
1715176703246,1715176703240,BINANCE,SOLUSDT,BUY,147.63,5
1715176703246,1715176703240,BINANCE,SOLUSDT,BUY,147.631,8
1715176703246,1715176703240,BINANCE,SOLUSDT,BUY,147.632,1
1715176703246,1715176703240,BINANCE,SOLUSDT,BUY,147.633,5
1715176703246,1715176703240,BINANCE,SOLUSDT,BUY,147.634,3
1715176703246,1715176703240,BINANCE,SOLUSDT,BUY,147.636,7
1715176703246,1715176703240,BINANCE,SOLUSDT,BUY,147.637,3
1715176703246,1715176703240,BINANCE,SOLUSDT,BUY,147.638,30
1715176703246,1715176703240,BINANCE,SOLUSDT,BUY,147.639,32
1715176703246,1715176703240,BINANCE,SOLUSDT,BUY,147.64,41
1715176703246,1715176703240,BINANCE,SOLUSDT,BUY,147.641,3
1715176703246,1715176703241,BINANCE,SOLUSDT,BUY,147.642,82
1715176703246,1715176703241,BINANCE,SOLUSDT,BUY,147.643,6
1715176703246,1715176703241,BINANCE,SOLUSDT,BUY,147.644,58
1715176703246,1715176703250,BINANCE,SOLUSDT,BUY,147.645,10
1715176703264,1715176703250,BINANCE,SOLUSDT,SELL,147.626,7
1715176703264,1715176703250,BINANCE,SOLUSDT,SELL,147.622,1
1715176703130,1715176703267,BINANCE,ETHUSDT,SELL,3031,0.008
1715176703407,1715176703394,BINANCE,ETHUSDT,SELL,3031,0.2
1715176703408,1715176703400,BINANCE,ETHUSDT,BUY,3031.01,0.329
1715176703410,1715176703400,BINANCE,ETHUSDT,SELL,3031,1.888
1715176703410,1715176703400,BINANCE,ETHUSDT,BUY,3031.01,11.589
1715176703410,1715176703400,BINANCE,ETHUSDT,BUY,3031.07,0.041
1715176703410,1715176703401,BINANCE,ETHUSDT,BUY,3031.09,0.007
1715176703410,1715176703401,BINANCE,ETHUSDT,BUY,3031.14,0.007
1715176703410,1715176703401,BINANCE,ETHUSDT,BUY,3031.19,1.047
1715176703410,1715176703401,BINANCE,ETHUSDT,BUY,3031.2,0.023
1715176703410,1715176703401,BINANCE,ETHUSDT,BUY,3031.22,0.007
1715176703410,1715176703401,BINANCE,ETHUSDT,BUY,3031.23,0.008
1715176703410,1715176703401,BINANCE,ETHUSDT,BUY,3031.24,0.292
1715176703410,1715176703401,BINANCE,ETHUSDT,BUY,3031.26,5.119
1715176703410,1715176703401,BINANCE,ETHUSDT,BUY,3031.27,16.575
1715176703264,1715176703401,BINANCE,SOLUSDT,SELL,147.621,4
1715176703410,1715176703404,BINANCE,ETHUSDT,BUY,3031.29,1.981
1715176703410,1715176703404,BINANCE,ETHUSDT,BUY,3031.3,0.007
1715176703410,1715176703404,BINANCE,ETHUSDT,BUY,3031.35,3
1715176703410,1715176703404,BINANCE,ETHUSDT,BUY,3031.36,1.986
1715176703410,1715176703404,BINANCE,ETHUSDT,BUY,3031.37,0.009
1715176703410,1715176703404,BINANCE,ETHUSDT,BUY,3031.38,4.133
1715176703410,1715176703404,BINANCE,ETHUSDT,BUY,3031.4,0.4
1715176703410,1715176703404,BINANCE,ETHUSDT,BUY,3031.41,0.024
1715176703410,1715176703404,BINANCE,ETHUSDT,BUY,3031.43,10.813
1715176703410,1715176703404,BINANCE,ETHUSDT,BUY,3031.44,0.01
1715176703410,1715176703405,BINANCE,ETHUSDT,BUY,3031.45,0.009
1715176703410,1715176703405,BINANCE,ETHUSDT,BUY,3031.46,0.307
1715176703410,1715176703405,BINANCE,ETHUSDT,BUY,3031.47,0.261
1715176703410,1715176703405,BINANCE,ETHUSDT,BUY,3031.48,0.082
1715176703410,1715176703405,BINANCE,ETHUSDT,BUY,3031.49,0.2
1715176703410,1715176703405,BINANCE,ETHUSDT,BUY,3031.5,0.105
1715176703410,1715176703405,BINANCE,ETHUSDT,BUY,3031.52,0.007
1715176703410,1715176703405,BINANCE,ETHUSDT,BUY,3031.53,0.05
1715176703410,1715176703405,BINANCE,ETHUSDT,BUY,3031.54,0.007
1715176703410,1715176703405,BINANCE,ETHUSDT,BUY,3031.55,2.717
1715176703410,1715176703405,BINANCE,ETHUSDT,BUY,3031.56,9.466
1715176703410,1715176703405,BINANCE,ETHUSDT,BUY,3031.57,10.435
1715176703410,1715176703405,BINANCE,ETHUSDT,BUY,3031.58,28.424
1715176703410,1715176703405,BINANCE,ETHUSDT,BUY,3031.59,0.079
1715176703410,1715176703406,BINANCE,ETHUSDT,BUY,3031.6,1.918
1715176703410,1715176703406,BINANCE,ETHUSDT,BUY,3031.61,11.658
1715176703410,1715176703406,BINANCE,ETHUSDT,BUY,3031.62,0.007
1715176703410,1715176703406,BINANCE,ETHUSDT,BUY,3031.63,2.307
1715176703410,1715176703406,BINANCE,ETHUSDT,BUY,3031.67,0.027
1715176703410,1715176703406,BINANCE,ETHUSDT,BUY,3031.68,0.007
1715176703410,1715176703406,BINANCE,ETHUSDT,BUY,3031.7,3.769
1715176703410,1715176703406,BINANCE,ETHUSDT,BUY,3031.72,0.04
1715176703410,1715176703406,BINANCE,ETHUSDT,BUY,3031.75,5.663
1715176703410,1715176703407,BINANCE,ETHUSDT,BUY,3031.76,2.178
1715176703411,1715176703407,BINANCE,ETHUSDT,BUY,3031.77,0.831
1715176703411,1715176703407,BINANCE,ETHUSDT,BUY,3031.79,10.013
1715176703411,1715176703407,BINANCE,ETHUSDT,BUY,3031.8,1.57
1715176703411,1715176703407,BINANCE,ETHUSDT,BUY,3031.81,0.5
1715176703411,1715176703407,BINANCE,ETHUSDT,BUY,3031.82,2.296
1715176703411,1715176703407,BINANCE,ETHUSDT,BUY,3031.83,0.147
1715176703411,1715176703407,BINANCE,ETHUSDT,BUY,3031.84,2.007
1715176703411,1715176703407,BINANCE,ETHUSDT,BUY,3031.85,0.22
1715176703411,1715176703407,BINANCE,ETHUSDT,BUY,3031.86,0.232
1715176703411,1715176703407,BINANCE,ETHUSDT,BUY,3031.88,6.504
1715176703411,1715176703407,BINANCE,ETHUSDT,BUY,3031.89,2.543
1715176703417,1715176703408,BINANCE,ETHUSDT,SELL,3031.6,0.1
1715176703423,1715176703429,BINANCE,ETHUSDT,BUY,3031.61,0.692
1715176703443,1715176703431,BINANCE,ETHUSDT,SELL,3031.6,2.22
1715176703445,1715176703431,BINANCE,ETHUSDT,SELL,3031.52,0.008
1715176703446,1715176703442,BINANCE,ETHUSDT,SELL,3031.51,3.784
1715176703458,1715176703443,BINANCE,ETHUSDT,SELL,3031.44,0.008
1715176703458,1715176703443,BINANCE,ETHUSDT,SELL,3031.43,0.007
1715176703458,1715176703443,BINANCE,ETHUSDT,SELL,3031.37,0.008
1715176703458,1715176703443,BINANCE,ETHUSDT,SELL,3031.35,0.007
1715176703458,1715176703464,BINANCE,ETHUSDT,SELL,3031.33,3.646
1715176703478,1715176703497,BINANCE,ETHUSDT,SELL,3031.3,0.702
1715176703511,1715176703514,BINANCE,ETHUSDT,BUY,3031.31,0.015
1715176703528,1715176703579,BINANCE,ETHUSDT,SELL,3031.3,0.301
1715176703591,1715176703579,BINANCE,ETHUSDT,BUY,3031.31,3.992
1715176703559,1715176703584,BINANCE,BNBUSDT,BUY,585.51,6.26
1715176703591,1715176703584,BINANCE,ETHUSDT,BUY,3031.32,1.336
1715176703596,1715176703615,BINANCE,BNBUSDT,BUY,585.52,4.25
1715176703598,1715176703636,BINANCE,ETHUSDT,SELL,3031.48,1.856
1715176703648,1715176703640,BINANCE,ETHUSDT,BUY,3031.49,14.751
1715176703648,1715176703640,BINANCE,ETHUSDT,BUY,3031.67,8.723
1715176703654,1715176703692,BINANCE,ETHUSDT,SELL,3031.66,2.676
1715176703704,1715176703704,BINANCE,ETHUSDT,SELL,3031.49,0.239
1715176703717,1715176703726,BINANCE,ETHUSDT,BUY,3031.49,4.243
1715176703740,1715176703726,BINANCE,ETHUSDT,SELL,3031.48,2.515
1715176703740,1715176703726,BINANCE,ETHUSDT,SELL,3031.46,0.009
1715176703740,1715176703726,BINANCE,ETHUSDT,SELL,3031.41,0.007
1715176703740,1715176703726,BINANCE,ETHUSDT,SELL,3031.34,0.049
1715176703593,1715176703731,BINANCE,SOLUSDT,BUY,147.613,15
1715176703740,1715176703743,BINANCE,ETHUSDT,SELL,3031.32,13.63
1715176703626,1715176703765,BINANCE,BNBUSDT,SELL,585.56,0.96
1715176703757,1715176703928,BINANCE,ETHUSDT,SELL,3031.31,0.019
1715176703807,1715176703928,BINANCE,ETHUSDT,BUY,3031.31,0.035
1715176703819,1715176703928,BINANCE,ETHUSDT,SELL,3031.3,6.931
1715176703836,1715176703928,BINANCE,ETHUSDT,SELL,3031.27,0.007
1715176703836,1715176703928,BINANCE,ETHUSDT,SELL,3031.26,13.217
1715176703837,1715176704033,BINANCE,ETHUSDT,SELL,3031.25,6.083
1715176703966,1715176704033,BINANCE,ETHUSDT,SELL,3031.25,13.338
1715176703979,1715176704033,BINANCE,ETHUSDT,BUY,3031.26,0.271
1715176704021,1715176704033,BINANCE,ETHUSDT,SELL,3031.25,0.548
1715176703981,1715176704118,BINANCE,SOLUSDT,BUY,147.613,12
1715176704024,1715176704158,BINANCE,ETHUSDT,BUY,3031.26,1.078
1715176704118,1715176704256,BINANCE,BNBUSDT,SELL,585.56,0.17
1715176704233,1715176704358,BINANCE,ETHUSDT,BUY,3031.26,27.312
1715176704373,1715176704395,BINANCE,ETHUSDT,SELL,3031.25,0.008
1715176704411,1715176704417,BINANCE,ETHUSDT,BUY,3031.26,0.004
1715176704430,1715176704418,BINANCE,ETHUSDT,SELL,3031.25,0.056
1715176704431,1715176704517,BINANCE,ETHUSDT,BUY,3031.26,0.049
1715176704532,1715176704555,BINANCE,ETHUSDT,BUY,3031.26,0.17
1715176704566,1715176704566,BINANCE,ETHUSDT,SELL,3031.25,0.166
1715176704578,1715176704581,BINANCE,ETHUSDT,BUY,3031.26,0.087
1715176704592,1715176704620,BINANCE,ETHUSDT,SELL,3031.25,1
1715176704568,1715176704773,BINANCE,SOLUSDT,BUY,147.613,4
1715176704633,1715176704773,BINANCE,ETHUSDT,BUY,3031.26,3.64
1715176704663,1715176704774,BINANCE,ETHUSDT,SELL,3031.25,0.01
1715176704717,1715176704774,BINANCE,ETHUSDT,BUY,3031.26,20
1715176704648,1715176704808,BINANCE,SOLUSDT,SELL,147.612,3
1715176704749,1715176704808,BINANCE,ETHUSDT,SELL,3031.25,0.514
1715176704802,1715176704843,BINANCE,ETHUSDT,BUY,3031.26,17.383
1715176704822,1715176704843,BINANCE,ETHUSDT,BUY,3031.5,0.007
1715176704822,1715176704843,BINANCE,ETHUSDT,BUY,3031.61,0.009
1715176704822,1715176704843,BINANCE,ETHUSDT,BUY,3031.62,0.001
1715176704833,1715176704843,BINANCE,ETHUSDT,BUY,3031.7,0.061
1715176704833,1715176704844,BINANCE,ETHUSDT,SELL,3031.69,1.609
1715176704833,1715176704881,BINANCE,ETHUSDT,BUY,3031.7,0.183
1715176704881,1715176704881,BINANCE,SOLUSDT,BUY,147.613,22
1715176704884,1715176704881,BINANCE,SOLUSDT,SELL,147.613,18
1715176704848,1715176704881,BINANCE,ETHUSDT,SELL,3031.69,5
1715176704891,1715176704881,BINANCE,ETHUSDT,BUY,3031.7,4.551
1715176704891,1715176704881,BINANCE,ETHUSDT,SELL,3031.69,0.354
1715176704891,1715176704881,BINANCE,ETHUSDT,BUY,3031.7,7.703
1715176704892,1715176704881,BINANCE,ETHUSDT,BUY,3031.8,0.017
1715176704892,1715176704881,BINANCE,ETHUSDT,BUY,3031.84,0.007
1715176704884,1715176704881,BINANCE,SOLUSDT,BUY,147.614,11
1715176704892,1715176704885,BINANCE,ETHUSDT,BUY,3031.87,0.003
1715176704899,1715176704885,BINANCE,ETHUSDT,SELL,3031.86,14.467
1715176704899,1715176704885,BINANCE,ETHUSDT,SELL,3031.83,1.589
1715176704899,1715176704885,BINANCE,ETHUSDT,SELL,3031.8,1.526
1715176704899,1715176704886,BINANCE,ETHUSDT,SELL,3031.77,6.265
1715176704899,1715176704886,BINANCE,ETHUSDT,SELL,3031.72,6.777
1715176704899,1715176704886,BINANCE,ETHUSDT,SELL,3031.71,21.083
1715176704899,1715176704924,BINANCE,ETHUSDT,SELL,3031.7,7.631
1715176704937,1715176704959,BINANCE,ETHUSDT,BUY,3031.71,0.329
1715176704882,1715176705009,BINANCE,BNBUSDT,BUY,585.57,0.8
1715176705023,1715176705009,BINANCE,BNBUSDT,BUY,585.6,1.77
1715176705023,1715176705014,BINANCE,BNBUSDT,SELL,585.59,4.03
1715176705028,1715176705014,BINANCE,BNBUSDT,BUY,585.6,3.55
1715176705028,1715176705014,BINANCE,BNBUSDT,BUY,585.62,0.57
1715176705028,1715176705014,BINANCE,BNBUSDT,BUY,585.63,0.86
1715176705028,1715176705014,BINANCE,BNBUSDT,BUY,585.64,1.46
1715176705028,1715176705014,BINANCE,BNBUSDT,BUY,585.65,0.92
1715176705028,1715176705014,BINANCE,BNBUSDT,BUY,585.66,1.02
1715176705028,1715176705018,BINANCE,BNBUSDT,BUY,585.67,0.15
1715176705033,1715176705019,BINANCE,BNBUSDT,SELL,585.66,3.51
1715176704893,1715176705030,BINANCE,SOLUSDT,BUY,147.616,1
1715176704975,1715176705053,BINANCE,ETHUSDT,SELL,3031.7,1.825
1715176705034,1715176705077,BINANCE,BNBUSDT,SELL,585.65,2.88
1715176705091,1715176705085,BINANCE,BNBUSDT,BUY,585.62,0.12
1715176705099,1715176705085,BINANCE,BNBUSDT,SELL,585.61,0.18
1715176705068,1715176705114,BINANCE,ETHUSDT,BUY,3031.71,0.119
1715176705114,1715176705134,BINANCE,ETHUSDT,SELL,3031.7,0.233
1715176705149,1715176705189,BINANCE,ETHUSDT,BUY,3031.71,0.625
1715176705223,1715176705230,BINANCE,SOLUSDT,BUY,147.62,27
1715176705099,1715176705233,BINANCE,BNBUSDT,SELL,585.6,0.22
1715176705245,1715176705261,BINANCE,SOLUSDT,SELL,147.619,51
1715176705203,1715176705322,BINANCE,ETHUSDT,SELL,3031.7,0.345
1715176705337,1715176705380,BINANCE,ETHUSDT,SELL,3031.7,0.396
1715176705395,1715176705402,BINANCE,ETHUSDT,BUY,3031.71,13.821
1715176705275,1715176705412,BINANCE,SOLUSDT,BUY,147.62,19
1715176705303,1715176705414,BINANCE,BNBUSDT,BUY,585.62,2
1715176705430,1715176705438,BINANCE,BNBUSDT,SELL,585.61,0.5
1715176705417,1715176705499,BINANCE,ETHUSDT,SELL,3031.7,3.117
1715176705512,1715176705499,BINANCE,ETHUSDT,SELL,3031.69,1.119
1715176705512,1715176705499,BINANCE,ETHUSDT,SELL,3031.68,0.015
1715176705513,1715176705499,BINANCE,ETHUSDT,SELL,3031.64,0.015
1715176705513,1715176705500,BINANCE,ETHUSDT,SELL,3031.62,0.009
1715176705513,1715176705553,BINANCE,ETHUSDT,SELL,3031.6,0.01
1715176705519,1715176705698,BINANCE,SOLUSDT,SELL,147.619,1
1715176705454,1715176705698,BINANCE,BNBUSDT,SELL,585.6,0.02
1715176705568,1715176705803,BINANCE,ETHUSDT,BUY,3031.61,15.066
1715176705577,1715176705804,BINANCE,SOLUSDT,BUY,147.613,1
1715176705741,1715176705876,BINANCE,BNBUSDT,SELL,585.6,0.01
1715176705900,1715176705931,BINANCE,SOLUSDT,BUY,147.613,6
1715176705944,1715176705931,BINANCE,SOLUSDT,SELL,147.612,6
1715176705944,1715176705931,BINANCE,SOLUSDT,SELL,147.611,1
1715176705944,1715176705931,BINANCE,SOLUSDT,SELL,147.61,1
1715176705944,1715176705931,BINANCE,SOLUSDT,SELL,147.608,3
1715176705944,1715176705931,BINANCE,SOLUSDT,SELL,147.607,3
1715176705829,1715176705932,BINANCE,ETHUSDT,BUY,3031.61,51.364
1715176705946,1715176705933,BINANCE,ETHUSDT,BUY,3031.61,42.493
1715176705946,1715176705933,BINANCE,ETHUSDT,BUY,3031.69,0.986
1715176705946,1715176705933,BINANCE,ETHUSDT,BUY,3031.7,2.007
1715176705946,1715176705933,BINANCE,ETHUSDT,BUY,3031.71,1.111
1715176705946,1715176705933,BINANCE,ETHUSDT,BUY,3031.72,0.049
1715176705946,1715176705945,BINANCE,ETHUSDT,BUY,3031.84,3.364
1715176705959,1715176705951,BINANCE,ETHUSDT,BUY,3031.9,0.028
1715176705964,1715176705951,BINANCE,ETHUSDT,SELL,3031.89,1.653
1715176705964,1715176705951,BINANCE,ETHUSDT,SELL,3031.85,0.007
1715176705964,1715176705951,BINANCE,ETHUSDT,SELL,3031.83,0.014
1715176705964,1715176705955,BINANCE,ETHUSDT,SELL,3031.74,0.009
1715176705972,1715176705956,BINANCE,ETHUSDT,SELL,3031.72,0.015
1715176705972,1715176705980,BINANCE,ETHUSDT,SELL,3031.7,0.007
1715176705974,1715176705980,BINANCE,ETHUSDT,SELL,3031.68,0.127
1715176705944,1715176706034,BINANCE,SOLUSDT,SELL,147.604,31
1715176705995,1715176706034,BINANCE,SOLUSDT,SELL,147.601,4
1715176705995,1715176706034,BINANCE,SOLUSDT,SELL,147.6,3
1715176705995,1715176706034,BINANCE,SOLUSDT,SELL,147.599,2
1715176705995,1715176706034,BINANCE,SOLUSDT,SELL,147.598,1
1715176705995,1715176706034,BINANCE,SOLUSDT,SELL,147.597,18
1715176705933,1715176706038,BINANCE,BNBUSDT,BUY,585.61,8.57
1715176706028,1715176706038,BINANCE,BNBUSDT,SELL,585.6,1.02
1715176706028,1715176706038,BINANCE,BNBUSDT,SELL,585.59,0.77
1715176705977,1715176706049,BINANCE,ETHUSDT,BUY,3031.69,29.78
1715176706038,1715176706049,BINANCE,ETHUSDT,BUY,3031.86,1.612
1715176706038,1715176706049,BINANCE,ETHUSDT,BUY,3031.88,7.346
1715176706038,1715176706049,BINANCE,ETHUSDT,BUY,3031.89,0.222
1715176706038,1715176706049,BINANCE,ETHUSDT,BUY,3031.9,1.207
1715176706038,1715176706049,BINANCE,ETHUSDT,BUY,3031.92,0.02
1715176706038,1715176706050,BINANCE,ETHUSDT,BUY,3031.93,0.292
1715176706038,1715176706050,BINANCE,ETHUSDT,BUY,3031.94,6.096
1715176706038,1715176706053,BINANCE,ETHUSDT,BUY,3031.95,3.663
1715176706052,1715176706053,BINANCE,ETHUSDT,SELL,3031.95,4.018
1715176706052,1715176706053,BINANCE,ETHUSDT,SELL,3031.94,0.01
1715176706053,1715176706053,BINANCE,ETHUSDT,SELL,3031.89,0.017
1715176706053,1715176706053,BINANCE,ETHUSDT,SELL,3031.69,0.01
1715176706065,1715176706060,BINANCE,ETHUSDT,SELL,3031.73,1.2
1715176706074,1715176706060,BINANCE,ETHUSDT,SELL,3031.64,0.007
1715176706074,1715176706072,BINANCE,ETHUSDT,SELL,3031.62,0.01
1715176706088,1715176706107,BINANCE,ETHUSDT,BUY,3031.63,2.762
1715176706124,1715176706113,BINANCE,ETHUSDT,SELL,3031.62,0.104
1715176706129,1715176706113,BINANCE,ETHUSDT,BUY,3031.61,0.242
1715176706129,1715176706138,BINANCE,ETHUSDT,SELL,3031.6,0.01
1715176706024,1715176706139,BINANCE,SOLUSDT,BUY,147.596,11
1715176706032,1715176706170,BINANCE,BNBUSDT,SELL,585.57,6.98
1715176706134,1715176706190,BINANCE,ETHUSDT,BUY,3031.61,0.125
1715176706204,1715176706191,BINANCE,ETHUSDT,SELL,3031.6,0.009
1715176706143,1715176706279,BINANCE,SOLUSDT,SELL,147.589,1
1715176706205,1715176706344,BINANCE,ETHUSDT,BUY,3031.61,6.824
1715176706393,1715176706424,BINANCE,ETHUSDT,BUY,3031.61,0.007
1715176706438,1715176706460,BINANCE,ETHUSDT,SELL,3031.6,9.018
1715176706472,1715176706460,BINANCE,ETHUSDT,SELL,3031.56,0.015
1715176706472,1715176706460,BINANCE,ETHUSDT,SELL,3031.52,0.015
1715176706472,1715176706460,BINANCE,ETHUSDT,SELL,3031.5,0.014
1715176706472,1715176706460,BINANCE,ETHUSDT,SELL,3031.48,0.015
1715176706472,1715176706460,BINANCE,ETHUSDT,SELL,3031.47,0.092
1715176706472,1715176706460,BINANCE,ETHUSDT,SELL,3031.46,0.018
1715176706472,1715176706460,BINANCE,ETHUSDT,SELL,3031.44,0.015
1715176706472,1715176706460,BINANCE,ETHUSDT,SELL,3031.43,0.007
1715176706472,1715176706475,BINANCE,ETHUSDT,SELL,3031.4,0.015
1715176706488,1715176706475,BINANCE,ETHUSDT,BUY,3031.37,0.062
1715176706488,1715176706476,BINANCE,ETHUSDT,SELL,3031.36,0.015
1715176706491,1715176706476,BINANCE,ETHUSDT,SELL,3031.32,0.125
1715176706491,1715176706476,BINANCE,ETHUSDT,SELL,3031.31,0.087
1715176706491,1715176706500,BINANCE,ETHUSDT,SELL,3031.29,0.04
1715176706514,1715176706518,BINANCE,ETHUSDT,BUY,3031.29,0.315
1715176706416,1715176706534,BINANCE,SOLUSDT,SELL,147.589,5
1715176706549,1715176706567,BINANCE,SOLUSDT,SELL,147.586,1
1715176706549,1715176706568,BINANCE,SOLUSDT,SELL,147.582,1
1715176706549,1715176706568,BINANCE,SOLUSDT,SELL,147.579,1
1715176706549,1715176706568,BINANCE,SOLUSDT,SELL,147.578,3
1715176706549,1715176706568,BINANCE,SOLUSDT,SELL,147.574,1
1715176706549,1715176706568,BINANCE,SOLUSDT,SELL,147.572,1
1715176706549,1715176706568,BINANCE,SOLUSDT,SELL,147.571,3
1715176706549,1715176706568,BINANCE,SOLUSDT,SELL,147.57,1
1715176706549,1715176706568,BINANCE,SOLUSDT,SELL,147.568,39
1715176706549,1715176706568,BINANCE,SOLUSDT,SELL,147.567,30
1715176706549,1715176706568,BINANCE,SOLUSDT,SELL,147.566,1
1715176706549,1715176706568,BINANCE,SOLUSDT,SELL,147.565,3
1715176706531,1715176706568,BINANCE,ETHUSDT,SELL,3031.28,0.297
1715176706584,1715176706580,BINANCE,BNBUSDT,SELL,585.56,4.18
1715176706584,1715176706580,BINANCE,BNBUSDT,SELL,585.55,0.07
1715176706585,1715176706580,BINANCE,BNBUSDT,SELL,585.54,6.29
1715176706588,1715176706602,BINANCE,BNBUSDT,SELL,585.53,13.66
1715176706556,1715176706618,BINANCE,ETHUSDT,BUY,3031.29,0.775
1715176706630,1715176706618,BINANCE,ETHUSDT,SELL,3031.28,0.359
1715176706630,1715176706618,BINANCE,ETHUSDT,SELL,3031.27,0.007
1715176706630,1715176706618,BINANCE,ETHUSDT,SELL,3031.25,3.758
1715176706630,1715176706618,BINANCE,ETHUSDT,SELL,3031.24,0.015
1715176706630,1715176706624,BINANCE,ETHUSDT,SELL,3031.23,3.341
1715176706633,1715176706628,BINANCE,ETHUSDT,SELL,3031.22,0.008
1715176706633,1715176706628,BINANCE,ETHUSDT,SELL,3031.21,1.3
1715176706633,1715176706628,BINANCE,ETHUSDT,SELL,3031.2,0.34
1715176706633,1715176706628,BINANCE,ETHUSDT,SELL,3031.18,1.253
1715176706633,1715176706639,BINANCE,ETHUSDT,SELL,3031.16,0.024
1715176706640,1715176706639,BINANCE,ETHUSDT,SELL,3031.15,0.014
1715176706549,1715176706672,BINANCE,SOLUSDT,SELL,147.564,7
1715176706641,1715176706672,BINANCE,ETHUSDT,BUY,3031.13,3.202
1715176706658,1715176706672,BINANCE,ETHUSDT,SELL,3031.12,0.029
1715176706658,1715176706672,BINANCE,ETHUSDT,SELL,3031.11,0.007
1715176706659,1715176706672,BINANCE,ETHUSDT,SELL,3031.09,3.281
1715176706659,1715176706672,BINANCE,ETHUSDT,SELL,3031.08,0.015
1715176706659,1715176706672,BINANCE,ETHUSDT,SELL,3031.05,0.248
1715176706659,1715176706672,BINANCE,ETHUSDT,SELL,3031.04,2.631
1715176706660,1715176706672,BINANCE,ETHUSDT,BUY,3031.05,0.638
1715176706663,1715176706672,BINANCE,ETHUSDT,SELL,3031.03,0.007
1715176706663,1715176706672,BINANCE,ETHUSDT,SELL,3031.01,0.234
1715176706663,1715176706672,BINANCE,ETHUSDT,SELL,3031,0.535
1715176706663,1715176706672,BINANCE,ETHUSDT,SELL,3030.99,0.009
1715176706672,1715176706743,BINANCE,ETHUSDT,SELL,3030.96,0.12
1715176706616,1715176706753,BINANCE,BNBUSDT,SELL,585.51,0.02
1715176706657,1715176706793,BINANCE,SOLUSDT,SELL,147.564,22
1715176706758,1715176706809,BINANCE,ETHUSDT,BUY,3030.96,0.503
1715176706821,1715176706822,BINANCE,ETHUSDT,SELL,3030.95,1.879
1715176706834,1715176706873,BINANCE,ETHUSDT,BUY,3030.96,0.496
1715176706903,1715176706888,BINANCE,SOLUSDT,BUY,147.563,127
1715176706886,1715176706902,BINANCE,ETHUSDT,SELL,3030.95,0.056
1715176706903,1715176707040,BINANCE,SOLUSDT,BUY,147.564,71
1715176706916,1715176707052,BINANCE,ETHUSDT,BUY,3030.96,0.166
1715176707068,1715176707052,BINANCE,ETHUSDT,BUY,3030.96,23.493
1715176707068,1715176707052,BINANCE,ETHUSDT,BUY,3031.09,0.014
1715176707068,1715176707052,BINANCE,ETHUSDT,BUY,3031.11,0.049
1715176707068,1715176707052,BINANCE,ETHUSDT,BUY,3031.13,0.007
1715176707068,1715176707052,BINANCE,ETHUSDT,BUY,3031.16,0.681
1715176707068,1715176707052,BINANCE,ETHUSDT,BUY,3031.19,0.048
1715176707068,1715176707052,BINANCE,ETHUSDT,BUY,3031.2,0.135
1715176707068,1715176707056,BINANCE,ETHUSDT,BUY,3031.21,0.007
1715176707068,1715176707056,BINANCE,ETHUSDT,BUY,3031.22,0.007
1715176707068,1715176707056,BINANCE,ETHUSDT,BUY,3031.24,3.63
1715176707068,1715176707057,BINANCE,ETHUSDT,BUY,3031.25,9.914
1715176707068,1715176707057,BINANCE,ETHUSDT,BUY,3031.28,0.015
1715176707068,1715176707057,BINANCE,ETHUSDT,BUY,3031.29,0.913
1715176707068,1715176707057,BINANCE,ETHUSDT,BUY,3031.3,0.009
1715176707068,1715176707057,BINANCE,ETHUSDT,BUY,3031.31,1.101
1715176707068,1715176707057,BINANCE,ETHUSDT,BUY,3031.32,0.015
1715176707068,1715176707057,BINANCE,ETHUSDT,BUY,3031.36,0.022
1715176707068,1715176707057,BINANCE,ETHUSDT,BUY,3031.37,9.432
1715176707068,1715176707057,BINANCE,ETHUSDT,BUY,3031.39,0.2
1715176707068,1715176707057,BINANCE,ETHUSDT,BUY,3031.4,0.015
1715176707068,1715176707057,BINANCE,ETHUSDT,BUY,3031.42,0.2
1715176707068,1715176707057,BINANCE,ETHUSDT,BUY,3031.44,0.088
1715176707068,1715176707057,BINANCE,ETHUSDT,BUY,3031.45,0.059
1715176707068,1715176707057,BINANCE,ETHUSDT,BUY,3031.46,1.621
1715176707069,1715176707057,BINANCE,ETHUSDT,BUY,3031.47,0.6
1715176707069,1715176707057,BINANCE,ETHUSDT,BUY,3031.48,0.015
1715176707069,1715176707057,BINANCE,ETHUSDT,BUY,3031.49,5.2
1715176707069,1715176707057,BINANCE,ETHUSDT,BUY,3031.5,1.273
1715176707069,1715176707057,BINANCE,ETHUSDT,BUY,3031.52,0.022
1715176707069,1715176707058,BINANCE,ETHUSDT,BUY,3031.53,0.261
1715176707069,1715176707058,BINANCE,ETHUSDT,BUY,3031.55,0.05
1715176707069,1715176707156,BINANCE,ETHUSDT,BUY,3031.56,0.015
1715176707069,1715176707156,BINANCE,ETHUSDT,BUY,3031.6,0.015
1715176707069,1715176707156,BINANCE,ETHUSDT,BUY,3031.61,0.009
1715176707069,1715176707156,BINANCE,ETHUSDT,BUY,3031.62,0.261
1715176707069,1715176707156,BINANCE,ETHUSDT,BUY,3031.64,0.015
1715176707069,1715176707156,BINANCE,ETHUSDT,BUY,3031.67,2.385
1715176707069,1715176707156,BINANCE,ETHUSDT,BUY,3031.68,2.662
1715176707069,1715176707156,BINANCE,ETHUSDT,BUY,3031.7,0.007
1715176707069,1715176707156,BINANCE,ETHUSDT,BUY,3031.72,0.015
1715176707069,1715176707156,BINANCE,ETHUSDT,BUY,3031.73,0.8
1715176707069,1715176707157,BINANCE,ETHUSDT,BUY,3031.75,1.008
1715176707069,1715176707157,BINANCE,ETHUSDT,BUY,3031.76,0.024
1715176707069,1715176707157,BINANCE,ETHUSDT,BUY,3031.79,2.64
1715176707069,1715176707157,BINANCE,ETHUSDT,BUY,3031.8,1.996
1715176707069,1715176707157,BINANCE,ETHUSDT,BUY,3031.81,3.753
1715176707069,1715176707157,BINANCE,ETHUSDT,BUY,3031.84,0.031
1715176707069,1715176707157,BINANCE,ETHUSDT,BUY,3031.85,1.209
1715176707069,1715176707157,BINANCE,ETHUSDT,BUY,3031.87,2.38
1715176707069,1715176707157,BINANCE,ETHUSDT,BUY,3031.88,0.015
1715176707069,1715176707157,BINANCE,ETHUSDT,BUY,3031.89,2.64
1715176707069,1715176707157,BINANCE,ETHUSDT,BUY,3031.91,1.84
1715176707069,1715176707157,BINANCE,ETHUSDT,BUY,3031.92,0.328
1715176707069,1715176707157,BINANCE,ETHUSDT,BUY,3031.94,1.661
1715176707069,1715176707157,BINANCE,ETHUSDT,BUY,3031.96,9.177
1715176707069,1715176707158,BINANCE,ETHUSDT,BUY,3031.97,10.262
1715176707069,1715176707158,BINANCE,ETHUSDT,BUY,3031.98,24.35
1715176707074,1715176707158,BINANCE,ETHUSDT,SELL,3031.72,0.05
1715176707075,1715176707158,BINANCE,ETHUSDT,SELL,3031.71,0.05
1715176707079,1715176707158,BINANCE,ETHUSDT,BUY,3031.72,0.1
1715176707106,1715176707158,BINANCE,ETHUSDT,SELL,3031.67,2.373
1715176707106,1715176707158,BINANCE,ETHUSDT,SELL,3031.66,2.355
1715176707113,1715176707158,BINANCE,ETHUSDT,SELL,3031.67,1.865
1715176707113,1715176707158,BINANCE,ETHUSDT,BUY,3031.68,2
1715176707125,1715176707159,BINANCE,ETHUSDT,SELL,3031.67,0.99
1715176707132,1715176707159,BINANCE,ETHUSDT,SELL,3031.64,0.023
1715176707132,1715176707159,BINANCE,ETHUSDT,SELL,3031.6,0.015
1715176707132,1715176707159,BINANCE,ETHUSDT,SELL,3031.56,0.015
1715176707132,1715176707159,BINANCE,ETHUSDT,SELL,3031.52,0.015
1715176707133,1715176707159,BINANCE,ETHUSDT,SELL,3031.48,0.015
1715176707133,1715176707159,BINANCE,ETHUSDT,SELL,3031.44,0.015
1715176707133,1715176707163,BINANCE,ETHUSDT,SELL,3031.41,0.482
1715176707152,1715176707163,BINANCE,ETHUSDT,SELL,3031.4,0.015
1715176707152,1715176707163,BINANCE,ETHUSDT,SELL,3031.36,0.022
1715176707152,1715176707163,BINANCE,ETHUSDT,SELL,3031.32,0.015
1715176707152,1715176707163,BINANCE,ETHUSDT,SELL,3031.31,0.261
1715176707152,1715176707163,BINANCE,ETHUSDT,SELL,3031.28,4.842
1715176707152,1715176707163,BINANCE,ETHUSDT,SELL,3031.27,4.121
1715176707152,1715176707163,BINANCE,ETHUSDT,SELL,3031.26,0.339
1715176707161,1715176707164,BINANCE,ETHUSDT,BUY,3031.27,0.05
1715176707175,1715176707196,BINANCE,ETHUSDT,SELL,3031.26,11.78
1715176707197,1715176707211,BINANCE,ETHUSDT,BUY,3031.27,0.5
1715176707225,1715176707259,BINANCE,ETHUSDT,SELL,3031.26,20.554
1715176707217,1715176707259,BINANCE,SOLUSDT,BUY,147.567,6
1715176707264,1715176707269,BINANCE,ETHUSDT,BUY,3031.27,1.243
1715176707285,1715176707289,BINANCE,ETHUSDT,SELL,3031.26,0.732
1715176707304,1715176707293,BINANCE,ETHUSDT,BUY,3031.27,2.969
1715176707307,1715176707293,BINANCE,ETHUSDT,SELL,3031.41,16.389
1715176707307,1715176707293,BINANCE,ETHUSDT,SELL,3031.27,0.953
1715176707307,1715176707293,BINANCE,ETHUSDT,SELL,3031.26,74.782
1715176707307,1715176707303,BINANCE,ETHUSDT,SELL,3031.25,41.442
1715176707224,1715176707307,BINANCE,BNBUSDT,BUY,585.51,1.8
1715176707271,1715176707326,BINANCE,SOLUSDT,SELL,147.586,5
1715176707312,1715176707327,BINANCE,ETHUSDT,BUY,3031.26,0.175
1715176707322,1715176707333,BINANCE,BNBUSDT,SELL,585.55,3.96
1715176707345,1715176707333,BINANCE,BNBUSDT,BUY,585.55,7.46
1715176707345,1715176707333,BINANCE,BNBUSDT,BUY,585.56,10.09
1715176707345,1715176707333,BINANCE,BNBUSDT,BUY,585.57,6.94
1715176707345,1715176707333,BINANCE,BNBUSDT,BUY,585.58,0.77
1715176707336,1715176707337,BINANCE,ETHUSDT,SELL,3031.25,0.046
1715176707349,1715176707365,BINANCE,ETHUSDT,BUY,3031.26,2
1715176707345,1715176707365,BINANCE,BNBUSDT,BUY,585.59,3.56
1715176707358,1715176707374,BINANCE,ETHUSDT,SELL,3031.25,1.933
1715176707385,1715176707441,BINANCE,ETHUSDT,BUY,3031.26,1.401
1715176707454,1715176707441,BINANCE,ETHUSDT,SELL,3031.25,9.379
1715176707454,1715176707441,BINANCE,ETHUSDT,SELL,3031.24,0.015
1715176707454,1715176707441,BINANCE,ETHUSDT,SELL,3031.2,0.195
1715176707454,1715176707441,BINANCE,ETHUSDT,SELL,3031.16,0.294
1715176707454,1715176707441,BINANCE,ETHUSDT,SELL,3031.14,2.307
1715176707337,1715176707446,BINANCE,SOLUSDT,BUY,147.587,10
1715176707454,1715176707446,BINANCE,ETHUSDT,SELL,3031.12,4.304
1715176707460,1715176707446,BINANCE,ETHUSDT,SELL,3031.09,0.007
1715176707460,1715176707456,BINANCE,ETHUSDT,SELL,3031.08,0.015
1715176707468,1715176707461,BINANCE,ETHUSDT,SELL,3031.04,0.032
1715176707369,1715176707506,BINANCE,BNBUSDT,SELL,585.58,2.15
1715176707459,1715176707516,BINANCE,SOLUSDT,SELL,147.586,2
1715176707475,1715176707596,BINANCE,ETHUSDT,SELL,3031.03,0.526
1715176707530,1715176707668,BINANCE,SOLUSDT,BUY,147.571,36
1715176707536,1715176707671,BINANCE,BNBUSDT,BUY,585.56,0.97
1715176707610,1715176707743,BINANCE,ETHUSDT,BUY,3031.04,0.695
1715176707756,1715176707779,BINANCE,ETHUSDT,BUY,3031.04,0.098
1715176707801,1715176707793,BINANCE,SOLUSDT,SELL,147.57,5
1715176707801,1715176707793,BINANCE,SOLUSDT,SELL,147.568,5
1715176707697,1715176707833,BINANCE,BNBUSDT,BUY,585.56,0.16
1715176707787,1715176707843,BINANCE,ETHUSDT,SELL,3031.03,0.165
1715176707857,1715176707906,BINANCE,ETHUSDT,BUY,3031.04,0.438
1715176707805,1715176707931,BINANCE,SOLUSDT,SELL,147.567,10
1715176707945,1715176708001,BINANCE,SOLUSDT,BUY,147.561,1
1715176707921,1715176708017,BINANCE,ETHUSDT,SELL,3031.03,0.418
1715176708031,1715176708040,BINANCE,ETHUSDT,SELL,3031.03,0.042
1715176708054,1715176708047,BINANCE,ETHUSDT,BUY,3031.04,1.571
1715176708063,1715176708051,BINANCE,ETHUSDT,SELL,3031.03,0.194
1715176708015,1715176708152,BINANCE,SOLUSDT,SELL,147.56,1
1715176708066,1715176708202,BINANCE,ETHUSDT,BUY,3031.04,0.16
1715176708224,1715176708208,BINANCE,SOLUSDT,SELL,147.56,11
1715176708224,1715176708208,BINANCE,SOLUSDT,SELL,147.556,32
1715176708224,1715176708208,BINANCE,SOLUSDT,SELL,147.554,66
1715176708224,1715176708208,BINANCE,SOLUSDT,SELL,147.553,3
1715176708224,1715176708209,BINANCE,SOLUSDT,SELL,147.552,10
1715176708224,1715176708210,BINANCE,SOLUSDT,SELL,147.551,2
1715176708236,1715176708258,BINANCE,ETHUSDT,BUY,3031.04,0.39
1715176708224,1715176708360,BINANCE,SOLUSDT,SELL,147.55,4
1715176708274,1715176708412,BINANCE,ETHUSDT,SELL,3031.03,5.221
1715176708562,1715176708553,BINANCE,SOLUSDT,SELL,147.55,2
1715176708564,1715176708553,BINANCE,SOLUSDT,SELL,147.546,7
1715176708564,1715176708553,BINANCE,SOLUSDT,SELL,147.545,2
1715176708564,1715176708553,BINANCE,SOLUSDT,SELL,147.544,1
1715176708566,1715176708554,BINANCE,SOLUSDT,SELL,147.542,94
1715176708503,1715176708557,BINANCE,ETHUSDT,BUY,3031.04,0.346
1715176708568,1715176708557,BINANCE,ETHUSDT,SELL,3031.03,5.574
1715176708542,1715176708557,BINANCE,BNBUSDT,BUY,585.56,0.85
1715176708568,1715176708557,BINANCE,BNBUSDT,SELL,585.55,0.6
1715176708568,1715176708558,BINANCE,BNBUSDT,SELL,585.52,1.73
1715176708568,1715176708558,BINANCE,ETHUSDT,SELL,3031.02,0.032
1715176708571,1715176708562,BINANCE,ETHUSDT,BUY,3031.02,1.218
1715176708568,1715176708562,BINANCE,BNBUSDT,SELL,585.5,0.16
1715176708576,1715176708562,BINANCE,BNBUSDT,SELL,585.49,1.46
1715176708566,1715176708599,BINANCE,SOLUSDT,SELL,147.541,81
1715176708575,1715176708599,BINANCE,ETHUSDT,SELL,3031.01,0.009
1715176708612,1715176708602,BINANCE,SOLUSDT,SELL,147.536,1
1715176708614,1715176708605,BINANCE,SOLUSDT,SELL,147.532,1
1715176708618,1715176708605,BINANCE,SOLUSDT,SELL,147.531,1
1715176708613,1715176708652,BINANCE,ETHUSDT,BUY,3030.96,1.432
1715176708665,1715176708652,BINANCE,ETHUSDT,SELL,3030.95,1.824
1715176708576,1715176708686,BINANCE,BNBUSDT,SELL,585.48,0.02
1715176708665,1715176708686,BINANCE,ETHUSDT,SELL,3030.94,0.014
1715176708695,1715176708686,BINANCE,ETHUSDT,SELL,3030.93,2.582
1715176708695,1715176708686,BINANCE,ETHUSDT,SELL,3030.92,0.015
1715176708695,1715176708686,BINANCE,ETHUSDT,SELL,3030.89,0.073
1715176708695,1715176708686,BINANCE,ETHUSDT,SELL,3030.88,0.015
1715176708695,1715176708686,BINANCE,ETHUSDT,SELL,3030.86,0.023
1715176708695,1715176708690,BINANCE,ETHUSDT,SELL,3030.85,0.008
1715176708695,1715176708690,BINANCE,ETHUSDT,SELL,3030.84,0.015
1715176708695,1715176708690,BINANCE,ETHUSDT,SELL,3030.83,0.021
1715176708695,1715176708690,BINANCE,ETHUSDT,SELL,3030.81,7.597
1715176708703,1715176708690,BINANCE,ETHUSDT,SELL,3030.8,0.015
1715176708618,1715176708712,BINANCE,SOLUSDT,SELL,147.529,28
1715176708722,1715176708712,BINANCE,SOLUSDT,BUY,147.526,65
1715176708703,1715176708780,BINANCE,ETHUSDT,SELL,3030.79,0.049
1715176708695,1715176708832,BINANCE,BNBUSDT,SELL,585.48,0.03
1715176708722,1715176708859,BINANCE,SOLUSDT,BUY,147.527,22
1715176708884,1715176708870,BINANCE,SOLUSDT,BUY,147.527,2
1715176708884,1715176708870,BINANCE,SOLUSDT,BUY,147.531,1
1715176708793,1715176708897,BINANCE,ETHUSDT,BUY,3030.78,3.461
1715176708884,1715176709020,BINANCE,SOLUSDT,BUY,147.532,2
1715176708910,1715176709047,BINANCE,ETHUSDT,SELL,3030.77,0.296
1715176709108,1715176709143,BINANCE,ETHUSDT,SELL,3030.77,0.065
1715176709156,1715176709220,BINANCE,ETHUSDT,BUY,3030.78,0.662
1715176709230,1715176709238,BINANCE,ETHUSDT,SELL,3030.77,0.263
1715176709152,1715176709289,BINANCE,SOLUSDT,BUY,147.532,10
1715176709252,1715176709340,BINANCE,ETHUSDT,BUY,3030.78,20.856
1715176709356,1715176709340,BINANCE,SOLUSDT,SELL,147.531,94
1715176709356,1715176709340,BINANCE,SOLUSDT,SELL,147.53,1
1715176709356,1715176709340,BINANCE,SOLUSDT,SELL,147.529,2
1715176709355,1715176709404,BINANCE,ETHUSDT,BUY,3030.78,0.253
1715176709417,1715176709404,BINANCE,ETHUSDT,SELL,3030.77,2.066
1715176709356,1715176709474,BINANCE,SOLUSDT,SELL,147.528,6
1715176709486,1715176709504,BINANCE,SOLUSDT,BUY,147.527,77
1715176709417,1715176709510,BINANCE,ETHUSDT,BUY,3030.78,13.515
1715176709523,1715176709544,BINANCE,ETHUSDT,SELL,3030.77,7
1715176709556,1715176709610,BINANCE,ETHUSDT,BUY,3030.78,0.387
1715176709502,1715176709640,BINANCE,BNBUSDT,SELL,585.48,0.04
1715176709623,1715176709649,BINANCE,ETHUSDT,SELL,3030.77,0.05
1715176709662,1715176709654,BINANCE,ETHUSDT,BUY,3030.78,0.009
1715176709518,1715176709656,BINANCE,SOLUSDT,BUY,147.528,24
1715176709668,1715176709807,BINANCE,ETHUSDT,SELL,3030.77,2.074
1715176709769,1715176709827,BINANCE,SOLUSDT,BUY,147.528,51
1715176709865,1715176709943,BINANCE,ETHUSDT,BUY,3030.78,0.01
1715176709843,1715176709979,BINANCE,SOLUSDT,BUY,147.531,1
1715176709957,1715176710082,BINANCE,ETHUSDT,SELL,3030.77,3.537
1715176710050,1715176710185,BINANCE,SOLUSDT,BUY,147.531,9
1715176710095,1715176710201,BINANCE,ETHUSDT,SELL,3030.77,0.079
1715176710216,1715176710203,BINANCE,ETHUSDT,SELL,3030.77,0.365
1715176710218,1715176710302,BINANCE,ETHUSDT,BUY,3030.78,0.216
1715176710315,1715176710303,BINANCE,ETHUSDT,SELL,3030.77,1.589
1715176710319,1715176710307,BINANCE,ETHUSDT,BUY,3030.78,1
1715176710320,1715176710328,BINANCE,ETHUSDT,SELL,3030.77,67.701
1715176710343,1715176710345,BINANCE,ETHUSDT,SELL,3030.76,0.015
1715176710360,1715176710363,BINANCE,ETHUSDT,SELL,3030.75,20.546
1715176710377,1715176710363,BINANCE,ETHUSDT,SELL,3030.74,0.056
1715176710377,1715176710363,BINANCE,ETHUSDT,SELL,3030.72,0.015
1715176710377,1715176710363,BINANCE,ETHUSDT,SELL,3030.71,0.009
1715176710377,1715176710363,BINANCE,ETHUSDT,SELL,3030.68,0.015
1715176710377,1715176710365,BINANCE,ETHUSDT,SELL,3030.67,0.014
1715176710380,1715176710365,BINANCE,ETHUSDT,SELL,3030.64,0.029
1715176710380,1715176710388,BINANCE,ETHUSDT,SELL,3030.63,0.057
1715176710402,1715176710388,BINANCE,ETHUSDT,SELL,3030.62,0.2
1715176710402,1715176710388,BINANCE,ETHUSDT,SELL,3030.61,0.01
1715176710402,1715176710388,BINANCE,ETHUSDT,SELL,3030.6,0.015
1715176710402,1715176710388,BINANCE,ETHUSDT,SELL,3030.59,0.007
1715176710402,1715176710388,BINANCE,ETHUSDT,SELL,3030.56,0.022
1715176710402,1715176710409,BINANCE,ETHUSDT,SELL,3030.54,0.746
1715176710323,1715176710488,BINANCE,SOLUSDT,SELL,147.53,43
1715176710422,1715176710488,BINANCE,ETHUSDT,BUY,3030.55,0.001
1715176710483,1715176710621,BINANCE,ETHUSDT,SELL,3030.54,1.192
1715176710642,1715176710869,BINANCE,ETHUSDT,SELL,3030.54,0.583
1715176710679,1715176710869,BINANCE,ETHUSDT,BUY,3030.55,0.013
1715176710646,1715176710869,BINANCE,SOLUSDT,BUY,147.527,5
1715176710780,1715176710870,BINANCE,ETHUSDT,BUY,3030.55,0.202
1715176710842,1715176710870,BINANCE,SOLUSDT,SELL,147.526,59
1715176710842,1715176710870,BINANCE,SOLUSDT,SELL,147.525,1
1715176710842,1715176710870,BINANCE,SOLUSDT,SELL,147.524,1
1715176710842,1715176710870,BINANCE,SOLUSDT,SELL,147.523,7
1715176710837,1715176710953,BINANCE,ETHUSDT,SELL,3030.54,53.181
1715176710970,1715176710972,BINANCE,ETHUSDT,BUY,3030.55,0.558
1715176710842,1715176710977,BINANCE,SOLUSDT,SELL,147.522,84
1715176710844,1715176710977,BINANCE,BNBUSDT,SELL,585.48,3.58
1715176710971,1715176711061,BINANCE,ETHUSDT,SELL,3030.54,0.1
1715176711007,1715176711104,BINANCE,SOLUSDT,SELL,147.518,5
1715176711078,1715176711153,BINANCE,ETHUSDT,BUY,3030.55,1
1715176711168,1715176711165,BINANCE,ETHUSDT,SELL,3030.54,0.2
1715176711181,1715176711179,BINANCE,ETHUSDT,BUY,3030.55,1.013
1715176711193,1715176711180,BINANCE,ETHUSDT,SELL,3030.54,1
1715176711118,1715176711256,BINANCE,SOLUSDT,BUY,147.519,20
1715176711195,1715176711323,BINANCE,ETHUSDT,BUY,3030.55,0.635
1715176711337,1715176711385,BINANCE,ETHUSDT,BUY,3030.55,12.213
1715176711304,1715176711442,BINANCE,BNBUSDT,BUY,585.48,1.71
1715176711400,1715176711446,BINANCE,ETHUSDT,SELL,3030.54,0.085
1715176711393,1715176711523,BINANCE,SOLUSDT,BUY,147.518,2
1715176711458,1715176711597,BINANCE,ETHUSDT,BUY,3030.55,10.004
1715176711632,1715176711664,BINANCE,ETHUSDT,SELL,3030.54,15.018
1715176711536,1715176711674,BINANCE,SOLUSDT,SELL,147.517,10
1715176711542,1715176711677,BINANCE,BNBUSDT,SELL,585.47,0.01
1715176711677,1715176711718,BINANCE,ETHUSDT,BUY,3030.55,0.3
1715176711733,1715176711782,BINANCE,ETHUSDT,SELL,3030.54,5.322
1715176711795,1715176711849,BINANCE,ETHUSDT,BUY,3030.55,0.5
1715176711860,1715176711922,BINANCE,ETHUSDT,SELL,3030.54,1.018
1715176711936,1715176712028,BINANCE,ETHUSDT,BUY,3030.55,0.054
1715176712044,1715176712040,BINANCE,ETHUSDT,BUY,3030.55,0.002
1715176712085,1715176712070,BINANCE,SOLUSDT,BUY,147.515,105
1715176712085,1715176712110,BINANCE,SOLUSDT,BUY,147.516,95
1715176712057,1715176712157,BINANCE,ETHUSDT,SELL,3030.54,0.2
1715176712172,1715176712168,BINANCE,ETHUSDT,SELL,3030.54,0.033
1715176712184,1715176712230,BINANCE,ETHUSDT,BUY,3030.55,0.159
1715176712244,1715176712243,BINANCE,ETHUSDT,SELL,3030.54,0.161
1715176712125,1715176712261,BINANCE,SOLUSDT,BUY,147.517,5
1715176712290,1715176712275,BINANCE,SOLUSDT,BUY,147.518,6
1715176712290,1715176712275,BINANCE,SOLUSDT,BUY,147.519,19
1715176712290,1715176712287,BINANCE,SOLUSDT,BUY,147.521,2
1715176712303,1715176712287,BINANCE,SOLUSDT,BUY,147.523,1
1715176712303,1715176712287,BINANCE,SOLUSDT,BUY,147.527,2
1715176712303,1715176712287,BINANCE,SOLUSDT,BUY,147.528,28
1715176712303,1715176712360,BINANCE,SOLUSDT,BUY,147.529,24
1715176712258,1715176712363,BINANCE,ETHUSDT,BUY,3030.55,0.071
1715176712374,1715176712385,BINANCE,SOLUSDT,SELL,147.53,1
1715176712378,1715176712466,BINANCE,ETHUSDT,SELL,3030.54,0.187
1715176712371,1715176712471,BINANCE,BNBUSDT,SELL,585.47,0.82
1715176712399,1715176712537,BINANCE,SOLUSDT,BUY,147.531,2
1715176712480,1715176712588,BINANCE,ETHUSDT,SELL,3030.54,0.329
1715176712484,1715176712622,BINANCE,BNBUSDT,BUY,585.48,3
1715176712604,1715176712640,BINANCE,ETHUSDT,BUY,3030.55,7.106
1715176712652,1715176712653,BINANCE,ETHUSDT,SELL,3030.54,2.472
1715176712662,1715176712653,BINANCE,ETHUSDT,BUY,3030.55,41.741
1715176712662,1715176712653,BINANCE,ETHUSDT,BUY,3030.65,0.007
1715176712662,1715176712653,BINANCE,ETHUSDT,BUY,3030.66,0.294
1715176712662,1715176712653,BINANCE,ETHUSDT,BUY,3030.7,0.097
1715176712662,1715176712653,BINANCE,ETHUSDT,BUY,3030.72,0.504
1715176712662,1715176712653,BINANCE,ETHUSDT,BUY,3030.73,1.612
1715176712662,1715176712654,BINANCE,ETHUSDT,BUY,3030.74,0.3
1715176712662,1715176712654,BINANCE,ETHUSDT,BUY,3030.75,0.2
1715176712662,1715176712654,BINANCE,ETHUSDT,BUY,3030.76,0.292
1715176712662,1715176712654,BINANCE,ETHUSDT,BUY,3030.77,1.158
1715176712662,1715176712695,BINANCE,ETHUSDT,BUY,3030.78,1.231
1715176712662,1715176712695,BINANCE,ETHUSDT,BUY,3030.8,0.007
1715176712662,1715176712695,BINANCE,ETHUSDT,BUY,3030.81,16.575
1715176712662,1715176712696,BINANCE,ETHUSDT,BUY,3030.82,0.007
1715176712662,1715176712696,BINANCE,ETHUSDT,BUY,3030.85,0.85
1715176712662,1715176712696,BINANCE,ETHUSDT,BUY,3030.86,1.2
1715176712662,1715176712696,BINANCE,ETHUSDT,BUY,3030.87,1.979
1715176712662,1715176712696,BINANCE,ETHUSDT,BUY,3030.88,0.007
1715176712662,1715176712696,BINANCE,ETHUSDT,BUY,3030.9,0.716
1715176712662,1715176712696,BINANCE,ETHUSDT,BUY,3030.91,2.177
1715176712662,1715176712696,BINANCE,ETHUSDT,BUY,3030.92,0.42
1715176712662,1715176712696,BINANCE,ETHUSDT,BUY,3030.95,0.27
1715176712662,1715176712696,BINANCE,ETHUSDT,BUY,3030.96,1.979
1715176712662,1715176712696,BINANCE,ETHUSDT,BUY,3030.97,2.916
1715176712662,1715176712696,BINANCE,ETHUSDT,BUY,3030.98,9.427
1715176712662,1715176712696,BINANCE,ETHUSDT,BUY,3030.99,0.007
1715176712662,1715176712696,BINANCE,ETHUSDT,BUY,3031,1.996
1715176712662,1715176712696,BINANCE,ETHUSDT,BUY,3031.03,3.588
1715176712662,1715176712696,BINANCE,ETHUSDT,BUY,3031.04,1.529
1715176712662,1715176712696,BINANCE,ETHUSDT,BUY,3031.05,1.862
1715176712662,1715176712696,BINANCE,ETHUSDT,BUY,3031.06,0.4
1715176712662,1715176712696,BINANCE,ETHUSDT,BUY,3031.07,0.007
1715176712662,1715176712696,BINANCE,ETHUSDT,BUY,3031.09,6.007
1715176712662,1715176712696,BINANCE,ETHUSDT,BUY,3031.1,0.54
1715176712662,1715176712697,BINANCE,ETHUSDT,BUY,3031.12,0.217
1715176712662,1715176712697,BINANCE,ETHUSDT,BUY,3031.13,0.008
1715176712662,1715176712697,BINANCE,ETHUSDT,BUY,3031.15,0.493
1715176712662,1715176712697,BINANCE,ETHUSDT,BUY,3031.16,0.491
1715176712664,1715176712697,BINANCE,ETHUSDT,SELL,3031.15,7
1715176712667,1715176712727,BINANCE,ETHUSDT,BUY,3031.16,1.007
1715176712669,1715176712727,BINANCE,ETHUSDT,SELL,3031.15,0.082
1715176712674,1715176712727,BINANCE,ETHUSDT,BUY,3031.16,0.05
1715176712688,1715176712727,BINANCE,ETHUSDT,SELL,3031.15,5.426
1715176712715,1715176712758,BINANCE,ETHUSDT,SELL,3031.12,2
1715176712715,1715176712758,BINANCE,ETHUSDT,SELL,3031.1,13.7
1715176712715,1715176712758,BINANCE,ETHUSDT,SELL,3031.09,0.007
1715176712715,1715176712758,BINANCE,ETHUSDT,SELL,3030.97,0.007
1715176712715,1715176712758,BINANCE,ETHUSDT,SELL,3030.96,7.491
1715176712715,1715176712758,BINANCE,ETHUSDT,SELL,3030.93,39.603
1715176712715,1715176712758,BINANCE,ETHUSDT,SELL,3030.91,11.066
1715176712715,1715176712758,BINANCE,ETHUSDT,SELL,3030.89,0.007
1715176712715,1715176712758,BINANCE,ETHUSDT,SELL,3030.86,0.261
1715176712715,1715176712758,BINANCE,ETHUSDT,SELL,3030.81,10.038
1715176712715,1715176712758,BINANCE,ETHUSDT,SELL,3030.8,1.534
1715176712715,1715176712758,BINANCE,ETHUSDT,SELL,3030.77,0.069
1715176712715,1715176712758,BINANCE,ETHUSDT,SELL,3030.75,14.89
1715176712715,1715176712758,BINANCE,ETHUSDT,SELL,3030.72,2.647
1715176712715,1715176712758,BINANCE,ETHUSDT,SELL,3030.71,0.094
1715176712715,1715176712758,BINANCE,ETHUSDT,SELL,3030.7,0.008
1715176712715,1715176712758,BINANCE,ETHUSDT,SELL,3030.68,0.049
1715176712715,1715176712758,BINANCE,ETHUSDT,SELL,3030.67,0.084
1715176712715,1715176712758,BINANCE,ETHUSDT,SELL,3030.66,2
1715176712715,1715176712758,BINANCE,ETHUSDT,SELL,3030.64,16.829
1715176712715,1715176712758,BINANCE,ETHUSDT,SELL,3030.6,1.576
1715176712715,1715176712758,BINANCE,ETHUSDT,SELL,3030.56,154.774
1715176712718,1715176712758,BINANCE,ETHUSDT,SELL,3030.55,23.13
1715176712719,1715176712758,BINANCE,ETHUSDT,BUY,3030.56,0.1
1715176712753,1715176712798,BINANCE,SOLUSDT,SELL,147.53,1
1715176712726,1715176712861,BINANCE,ETHUSDT,SELL,3030.55,0.924
1715176712876,1715176712894,BINANCE,ETHUSDT,SELL,3030.55,0.004
1715176712812,1715176712947,BINANCE,SOLUSDT,BUY,147.531,3
1715176712910,1715176712993,BINANCE,ETHUSDT,BUY,3030.56,0.002
1715176713012,1715176713108,BINANCE,ETHUSDT,BUY,3030.56,1.817
1715176713124,1715176713190,BINANCE,ETHUSDT,BUY,3030.56,0.001
1715176713206,1715176713244,BINANCE,ETHUSDT,SELL,3030.55,67.669
1715176713260,1715176713246,BINANCE,ETHUSDT,SELL,3030.54,0.026
1715176713260,1715176713246,BINANCE,ETHUSDT,SELL,3030.52,0.015
1715176713260,1715176713246,BINANCE,ETHUSDT,SELL,3030.51,0.014
1715176713260,1715176713246,BINANCE,ETHUSDT,SELL,3030.5,0.014
1715176713260,1715176713249,BINANCE,ETHUSDT,SELL,3030.48,0.022
1715176713260,1715176713249,BINANCE,ETHUSDT,SELL,3030.45,3.164
1715176713260,1715176713249,BINANCE,ETHUSDT,SELL,3030.44,5.928
1715176713260,1715176713249,BINANCE,ETHUSDT,SELL,3030.43,0.348
1715176713260,1715176713272,BINANCE,ETHUSDT,SELL,3030.4,1.764
1715176713286,1715176713283,BINANCE,ETHUSDT,BUY,3030.41,30.795
1715176713298,1715176713283,BINANCE,ETHUSDT,BUY,3030.48,0.007
1715176713298,1715176713325,BINANCE,ETHUSDT,BUY,3030.55,0.01
1715176713219,1715176713355,BINANCE,SOLUSDT,BUY,147.531,24
1715176713341,1715176713357,BINANCE,ETHUSDT,SELL,3030.54,0.495
1715176713373,1715176713360,BINANCE,ETHUSDT,BUY,3030.55,2.564
1715176713323,1715176713459,BINANCE,BNBUSDT,SELL,585.47,1
1715176713376,1715176713512,BINANCE,ETHUSDT,SELL,3030.54,50
1715176713419,1715176713558,BINANCE,SOLUSDT,BUY,147.532,6
1715176713615,1715176713644,BINANCE,ETHUSDT,BUY,3030.55,7.245
1715176713656,1715176713645,BINANCE,ETHUSDT,SELL,3030.54,0.106
1715176713660,1715176713757,BINANCE,ETHUSDT,BUY,3030.55,0.062
1715176713659,1715176713796,BINANCE,BNBUSDT,BUY,585.48,0.91
1715176713770,1715176713809,BINANCE,ETHUSDT,BUY,3030.55,1.227
1715176713856,1715176713843,BINANCE,BNBUSDT,BUY,585.48,4.46
1715176713856,1715176713843,BINANCE,BNBUSDT,BUY,585.49,3.89
1715176713856,1715176713843,BINANCE,BNBUSDT,BUY,585.5,0.04
1715176713856,1715176713844,BINANCE,BNBUSDT,BUY,585.51,0.68
1715176713856,1715176713844,BINANCE,BNBUSDT,BUY,585.52,0.77
1715176713856,1715176713844,BINANCE,BNBUSDT,BUY,585.53,3.61
1715176713856,1715176713844,BINANCE,BNBUSDT,BUY,585.54,10.91
1715176713856,1715176713846,BINANCE,BNBUSDT,BUY,585.55,8.55
