timestamp,local_timestamp,exchange,symbol,ask_1_price,ask_1_qty,ask_2_price,ask_2_qty,ask_3_price,ask_3_qty,ask_4_price,ask_4_qty,ask_5_price,ask_5_qty,ask_6_price,ask_6_qty,ask_7_price,ask_7_qty,ask_8_price,ask_8_qty,ask_9_price,ask_9_qty,ask_10_price,ask_10_qty,bid_1_price,bid_1_qty,bid_2_price,bid_2_qty,bid_3_price,bid_3_qty,bid_4_price,bid_4_qty,bid_5_price,bid_5_qty,bid_6_price,bid_6_qty,bid_7_price,bid_7_qty,bid_8_price,bid_8_qty,bid_9_price,bid_9_qty,bid_10_price,bid_10_qty
1715176700556,1715176700564,GATE,BNBUSDT,586,0.579,586.05,3.642,586.1,7.107,586.15,13.638,586.2,17.071,586.25,9.455,586.3,6.594,586.35,12.105,586.4,15.598,586.45,23.1,585.95,16.5,585.9,14.222,585.85,6.882,585.8,8.804,585.75,16.45,585.7,12.685,585.65,10.712,585.6,16.576,585.55,14.09,585.5,21.036
1715176700556,1715176700591,GATE,SOLUSDT,147.577,1,147.578,3,147.579,17,147.58,16,147.581,1,147.586,13,147.593,11,147.597,8,147.598,18,147.599,10,147.569,16,147.561,16,147.556,3,147.552,3,147.551,4,147.541,14,147.54,3,147.537,4,147.536,7,147.535,11
1715176700595,1715176700604,GATE,ETHUSDT,3031.25,6.59,3031.45,5.55,3031.5,78.27,3031.55,11.88,3031.6,11.1,3031.75,6.82,3031.8,16.88,3031.85,0.66,3031.9,0.4,3031.95,9.08,3031.2,0.01,3031.15,11.37,3031.1,6.29,3031.05,17.41,3031,1.76,3030.95,4.21,3030.85,5.53,3030.8,4.21,3030.7,4.18,3030.65,21.53
1715176700662,1715176700675,GATE,BNBUSDT,586,7.006,586.05,6.31,586.1,4.65,586.15,13.638,586.2,17.071,586.25,9.455,586.3,6.594,586.35,12.105,586.4,15.598,586.45,23.1,585.95,2.835,585.9,14.897,585.85,6.882,585.8,8.804,585.75,16.45,585.7,12.685,585.65,10.712,585.6,16.576,585.55,14.09,585.5,21.036
1715176700675,1715176700685,GATE,SOLUSDT,147.562,2,147.567,3,147.568,18,147.576,3,147.577,11,147.578,12,147.58,16,147.584,10,147.585,11,147.586,13,147.561,16,147.542,4,147.54,3,147.537,4,147.527,2,147.524,5,147.523,1,147.522,3,147.519,15,147.518,11
1715176700699,1715176700698,GATE,ETHUSDT,3031.2,94.46,3031.25,10.65,3031.4,7.2,3031.45,15.76,3031.5,12.06,3031.55,14.6,3031.6,11.1,3031.75,3.73,3031.8,13.14,3031.85,0.66,3031.15,11.37,3031,0.36,3030.9,20.07,3030.85,5.5,3030.8,4.75,3030.7,5.43,3030.65,21.53,3030.6,12.67,3030.5,6.07,3030.45,5.5
1715176700750,1715176700767,GATE,BNBUSDT,586,5.389,586.05,6.31,586.1,4.65,586.15,13.638,586.2,20.321,586.25,9.455,586.3,6.594,586.35,12.105,586.4,15.598,586.45,23.1,585.95,2.835,585.9,12.897,585.85,6.882,585.8,8.804,585.75,16.45,585.7,12.685,585.65,10.712,585.6,9.745,585.55,14.09,585.5,27.869
1715176700762,1715176700768,GATE,SOLUSDT,147.562,4,147.566,2,147.567,16,147.568,12,147.575,9,147.576,3,147.577,11,147.578,12,147.58,16,147.585,11,147.561,16,147.54,3,147.537,4,147.527,2,147.524,3,147.523,1,147.522,3,147.519,15,147.518,11,147.515,8
1715176700795,1715176700792,GATE,ETHUSDT,3031.2,71.37,3031.25,10.49,3031.4,16.69,3031.45,15.78,3031.5,12.04,3031.55,14.6,3031.6,11.09,3031.75,3.73,3031.8,13.14,3031.85,0.66,3031.15,6.32,3031,0.5,3030.95,1.4,3030.9,20.07,3030.85,5.5,3030.8,4.75,3030.7,5.48,3030.65,21.53,3030.6,17.64,3030.55,0.1
1715176700865,1715176700866,GATE,BNBUSDT,586,5.389,586.05,6.31,586.1,9.15,586.15,13.638,586.2,20.321,586.25,9.455,586.3,6.594,586.35,12.105,586.4,15.598,586.45,23.1,585.95,10.585,585.9,12.897,585.85,6.882,585.8,8.804,585.75,16.45,585.7,12.685,585.65,10.712,585.6,9.745,585.55,14.09,585.5,27.869
1715176700861,1715176700870,GATE,SOLUSDT,147.562,2,147.566,2,147.567,16,147.568,12,147.575,9,147.576,3,147.577,11,147.578,12,147.58,16,147.585,11,147.561,16,147.54,3,147.537,4,147.527,2,147.524,7,147.523,1,147.522,3,147.519,15,147.518,11,147.515,8
1715176700888,1715176700887,GATE,ETHUSDT,3031.2,76.65,3031.25,10.49,3031.4,16.69,3031.45,15.78,3031.5,12.04,3031.55,14.6,3031.6,11.1,3031.75,3.73,3031.8,13.16,3031.85,0.66,3031.15,15.49,3031,0.51,3030.95,1.4,3030.9,20.07,3030.85,5.5,3030.8,4.75,3030.7,5.48,3030.65,21.53,3030.6,17.64,3030.55,0.1
1715176700872,1715176700964,GATE,BNBUSDT,586,6.009,586.05,10.522,586.1,9.15,586.15,13.638,586.2,20.321,586.25,9.455,586.3,6.594,586.35,12.105,586.4,15.598,586.45,23.1,585.95,10.585,585.9,12.897,585.85,6.882,585.8,8.804,585.75,16.45,585.7,12.685,585.65,10.712,585.6,9.745,585.55,14.09,585.5,27.869
1715176700970,1715176700968,GATE,SOLUSDT,147.562,2,147.566,2,147.567,16,147.568,12,147.575,9,147.576,3,147.577,11,147.578,12,147.58,16,147.585,11,147.561,16,147.54,3,147.537,4,147.527,2,147.524,7,147.523,1,147.522,3,147.519,15,147.518,11,147.517,2
1715176700993,1715176700989,GATE,ETHUSDT,3031.2,76.65,3031.25,10.49,3031.4,13.41,3031.45,10.28,3031.5,12.04,3031.55,14.6,3031.6,11.1,3031.75,3.73,3031.8,13.16,3031.85,0.66,3031.15,23.4,3031,0.51,3030.95,1.4,3030.9,12.15,3030.85,5.5,3030.8,4.75,3030.7,5.48,3030.65,21.53,3030.6,17.64,3030.55,0.1
1715176701063,1715176701058,GATE,BNBUSDT,586,4.782,586.05,6.304,586.1,4.65,586.15,13.638,586.2,20.321,586.25,9.455,586.3,6.594,586.35,12.105,586.4,15.598,586.45,35.04,585.95,10.585,585.9,12.897,585.85,6.882,585.8,8.804,585.75,16.45,585.7,12.685,585.65,10.712,585.6,9.745,585.55,14.09,585.5,27.869
1715176701073,1715176701067,GATE,SOLUSDT,147.562,2,147.567,1,147.568,1,147.575,9,147.576,3,147.577,11,147.578,12,147.58,16,147.585,11,147.586,13,147.561,16,147.556,3,147.54,3,147.537,4,147.532,17,147.529,11,147.527,2,147.524,9,147.523,1,147.522,3
1715176701072,1715176701091,GATE,ETHUSDT,3031.2,62.1,3031.25,3.29,3031.4,1.9,3031.45,3.08,3031.5,6.54,3031.55,14.6,3031.6,11.1,3031.75,3.73,3031.8,13.6,3031.85,0.66,3031.15,46.09,3031.05,1.13,3031,0.61,3030.95,1.4,3030.9,2.65,3030.85,5.5,3030.8,11.25,3030.7,4.23,3030.65,30.07,3030.6,11.35
1715176701122,1715176701155,GATE,BNBUSDT,586,5.153,586.05,6.31,586.1,4.65,586.15,13.638,586.2,20.321,586.25,9.455,586.3,6.594,586.35,12.105,586.4,15.598,586.45,35.04,585.95,10.585,585.9,12.897,585.85,6.882,585.8,8.804,585.75,16.45,585.7,12.685,585.65,10.712,585.6,9.745,585.55,14.09,585.5,27.869
1715176701169,1715176701171,GATE,SOLUSDT,147.562,2,147.567,1,147.568,1,147.574,2,147.575,9,147.576,3,147.578,12,147.58,16,147.585,11,147.586,13,147.561,16,147.556,3,147.54,3,147.537,4,147.532,17,147.529,11,147.527,2,147.524,9,147.523,1,147.522,3
1715176701191,1715176701189,GATE,ETHUSDT,3031.2,62.1,3031.25,3.29,3031.4,1.9,3031.45,3.08,3031.5,6.54,3031.55,14.6,3031.6,11.1,3031.75,3.73,3031.8,13.62,3031.85,0.66,3031.15,46.09,3031.05,1.13,3031,0.51,3030.95,0.1,3030.9,2.68,3030.85,5.5,3030.8,11.25,3030.7,4.23,3030.65,30.07,3030.6,11.35
1715176701229,1715176701250,GATE,SOLUSDT,147.562,2,147.567,1,147.568,1,147.574,2,147.575,9,147.576,2,147.578,12,147.58,16,147.585,11,147.586,13,147.561,16,147.556,3,147.54,3,147.537,4,147.532,17,147.529,11,147.527,2,147.524,9,147.523,1,147.522,3
1715176701293,1715176701284,GATE,ETHUSDT,3031.2,62.1,3031.25,3.29,3031.4,1.9,3031.45,3.08,3031.5,6.6,3031.55,14.6,3031.6,11.1,3031.75,3.73,3031.8,13.6,3031.85,0.66,3031.15,46.11,3031.05,1.13,3031,0.51,3030.9,2.78,3030.85,5.5,3030.8,11.25,3030.7,4.23,3030.65,30.07,3030.6,11.35,3030.5,10.13
1715176701328,1715176701354,GATE,BNBUSDT,586,4.782,586.05,6.31,586.1,4.65,586.15,13.638,586.2,20.321,586.25,9.455,586.3,6.594,586.35,12.105,586.4,15.598,586.45,35.04,585.95,10.585,585.9,12.897,585.85,6.882,585.8,8.804,585.75,16.45,585.7,12.685,585.65,10.712,585.6,9.745,585.55,14.09,585.5,27.869
1715176701367,1715176701369,GATE,SOLUSDT,147.562,2,147.567,1,147.568,1,147.574,2,147.575,9,147.576,2,147.578,12,147.58,16,147.585,11,147.586,13,147.561,16,147.556,3,147.54,3,147.537,4,147.532,17,147.529,11,147.527,2,147.524,9,147.523,1,147.522,3
1715176701384,1715176701384,GATE,ETHUSDT,3031.2,62.1,3031.25,3.29,3031.4,1.9,3031.45,3.08,3031.5,6.6,3031.55,14.6,3031.6,11.1,3031.75,3.73,3031.8,13.6,3031.85,0.66,3031.15,46.11,3031.05,1.13,3031,0.51,3030.9,4.18,3030.85,5.5,3030.8,11.91,3030.7,4.23,3030.65,30.07,3030.6,11.35,3030.5,10.13
1715176701416,1715176701457,GATE,SOLUSDT,147.567,1,147.574,2,147.575,9,147.576,2,147.578,12,147.58,16,147.585,11,147.586,13,147.592,11,147.593,11,147.562,1,147.561,16,147.556,3,147.54,3,147.538,11,147.537,4,147.532,17,147.529,11,147.527,2,147.524,9
1715176701493,1715176701493,GATE,ETHUSDT,3031.2,69.3,3031.25,3.29,3031.4,1.9,3031.45,3.08,3031.5,6.6,3031.55,14.6,3031.6,11.1,3031.75,3.73,3031.8,13.62,3031.85,0.66,3031.15,46.01,3031.05,1.13,3031,0.51,3030.9,4.08,3030.85,5.6,3030.8,11.91,3030.7,4.23,3030.65,30.07,3030.6,11.35,3030.5,10.13
1715176701561,1715176701557,GATE,SOLUSDT,147.574,2,147.575,9,147.579,11,147.58,16,147.586,13,147.592,11,147.593,11,147.597,8,147.598,18,147.6,17,147.566,4,147.563,4,147.562,1,147.561,16,147.556,3,147.552,15,147.546,11,147.54,3,147.538,11,147.537,4
1715176701563,1715176701565,GATE,BNBUSDT,586,1.532,586.05,3.642,586.1,2.134,586.15,2.049,586.2,20.321,586.25,9.455,586.3,6.594,586.35,12.105,586.4,15.465,586.45,35.04,585.95,10.585,585.9,12.897,585.85,6.882,585.8,8.804,585.75,16.45,585.7,12.685,585.65,10.579,585.6,9.745,585.55,14.09,585.5,27.869
1715176701599,1715176701593,GATE,ETHUSDT,3031.2,38.58,3031.45,0.5,3031.5,0.06,3031.55,9.64,3031.6,11.1,3031.75,3.73,3031.8,13.6,3031.85,0.66,3031.95,3.58,3032,5.76,3031.15,60.69,3031.1,0.66,3031.05,1.13,3031,0.51,3030.95,5.63,3030.9,4.1,3030.85,5.5,3030.8,31.69,3030.7,4.23,3030.65,26.1
1715176701643,1715176701655,GATE,BNBUSDT,586,0.579,586.05,5.235,586.1,2.134,586.15,13.566,586.2,20.321,586.25,9.455,586.3,6.594,586.35,12.105,586.4,15.598,586.45,35.04,585.95,10.585,585.9,12.897,585.85,6.882,585.8,8.804,585.75,16.45,585.7,12.685,585.65,10.712,585.6,9.745,585.55,14.09,585.5,27.869
1715176701671,1715176701669,GATE,SOLUSDT,147.575,9,147.579,11,147.58,16,147.586,13,147.59,11,147.591,11,147.598,18,147.6,17,147.602,11,147.603,5,147.574,5,147.567,2,147.561,16,147.556,3,147.54,3,147.538,11,147.537,6,147.535,3,147.53,17,147.529,11
1715176701702,1715176701695,GATE,ETHUSDT,3031.2,3.3,3031.35,4.35,3031.4,7.21,3031.45,0.5,3031.5,0.06,3031.55,9.64,3031.6,11.09,3031.65,5.8,3031.75,5.26,3031.8,13.6,3031.15,40.21,3031.05,1.13,3031,0.37,3030.95,12.86,3030.9,2.67,3030.85,5.55,3030.8,31.79,3030.7,4.18,3030.65,26.45,3030.6,6.38
1715176701757,1715176701754,GATE,SOLUSDT,147.575,9,147.579,11,147.58,16,147.586,13,147.59,11,147.591,11,147.598,18,147.6,17,147.602,11,147.603,5,147.574,5,147.567,2,147.561,16,147.556,3,147.541,14,147.54,3,147.538,11,147.537,6,147.535,8,147.53,17
1715176701750,1715176701758,GATE,BNBUSDT,586,3.829,586.05,6.241,586.1,2.134,586.15,13.566,586.2,20.321,586.25,9.455,586.3,6.594,586.35,12.105,586.4,15.598,586.45,35.04,585.95,10.585,585.9,12.897,585.85,6.882,585.8,8.804,585.75,16.45,585.7,12.685,585.65,10.712,585.6,9.745,585.55,14.09,585.5,27.869
1715176701798,1715176701797,GATE,ETHUSDT,3031.2,26.55,3031.25,3.51,3031.3,5.78,3031.35,4.35,3031.4,7.21,3031.45,0.5,3031.5,0.06,3031.55,9.64,3031.6,11.11,3031.75,5.26,3031.15,31.04,3031.05,1.13,3031,0.37,3030.95,0.03,3030.85,5.55,3030.8,23.15,3030.7,4.18,3030.65,20.16,3030.6,6.38,3030.5,8.4
1715176701861,1715176701856,GATE,SOLUSDT,147.574,5,147.575,9,147.58,16,147.583,11,147.585,15,147.586,13,147.591,11,147.598,18,147.599,15,147.6,17,147.562,1,147.561,16,147.556,3,147.545,4,147.541,14,147.54,3,147.535,8,147.53,17,147.529,11,147.527,2
1715176701873,1715176701868,GATE,BNBUSDT,586,3.829,586.05,3.636,586.1,6.634,586.15,9.107,586.2,20.321,586.25,9.455,586.3,6.594,586.35,12.105,586.4,15.598,586.45,35.04,585.95,6.085,585.9,12.897,585.85,6.882,585.8,8.804,585.75,16.45,585.7,12.685,585.65,10.712,585.6,9.745,585.55,14.09,585.5,27.869
1715176701899,1715176701895,GATE,ETHUSDT,3031.2,26.54,3031.25,3.51,3031.3,5.78,3031.35,4.35,3031.4,7.21,3031.45,0.5,3031.5,0.06,3031.55,9.64,3031.6,11.09,3031.75,10.58,3031.15,19.11,3031.05,10.63,3031,0.37,3030.95,0.03,3030.85,5.55,3030.8,16.65,3030.75,1.4,3030.7,10.47,3030.65,15.24,3030.6,6.38
1715176701961,1715176701956,GATE,SOLUSDT,147.569,1,147.57,8,147.574,4,147.575,9,147.579,12,147.58,16,147.585,11,147.586,13,147.591,11,147.598,18,147.563,2,147.562,1,147.561,16,147.556,3,147.546,11,147.545,4,147.541,14,147.54,3,147.538,11,147.535,8
1715176701900,1715176701963,GATE,BNBUSDT,586,3.829,586.05,10.48,586.1,6.634,586.15,9.101,586.2,20.321,586.25,9.455,586.3,6.594,586.35,12.105,586.4,15.598,586.45,35.04,585.95,6.085,585.9,12.897,585.85,6.882,585.8,8.804,585.75,16.45,585.7,12.685,585.65,10.712,585.6,9.745,585.55,14.09,585.5,27.869
1715176701989,1715176701990,GATE,ETHUSDT,3031.2,26.54,3031.25,3.51,3031.3,5.78,3031.35,0.66,3031.4,7.21,3031.45,0.5,3031.5,0.06,3031.55,9.64,3031.6,11.11,3031.75,10.58,3031.15,34.11,3031.1,0.14,3031.05,1.13,3031,0.37,3030.9,2.65,3030.85,5.55,3030.8,16.65,3030.75,1.4,3030.7,10.47,3030.65,15.24
1715176702063,1715176702058,GATE,SOLUSDT,147.57,8,147.575,9,147.579,12,147.58,16,147.586,13,147.598,18,147.599,15,147.6,17,147.602,11,147.603,5,147.569,6,147.568,5,147.561,16,147.556,3,147.546,11,147.545,4,147.541,14,147.54,3,147.538,11,147.535,8
1715176702033,1715176702059,GATE,BNBUSDT,586,3.829,586.05,10.474,586.1,6.634,586.15,9.101,586.2,20.321,586.25,9.455,586.3,6.594,586.35,12.105,586.4,15.598,586.45,35.04,585.95,6.085,585.9,12.897,585.85,6.882,585.8,8.804,585.75,16.45,585.7,12.685,585.65,10.712,585.6,9.745,585.55,14.09,585.5,27.869
1715176702095,1715176702088,GATE,ETHUSDT,3031.2,26.54,3031.25,3.51,3031.3,5.78,3031.35,3.17,3031.4,7.21,3031.45,0.5,3031.5,0.06,3031.55,9.64,3031.6,11.11,3031.75,10.58,3031.15,34.11,3031.1,0.14,3031.05,1.13,3031,0.37,3030.95,0.66,3030.85,5.55,3030.8,16.65,3030.75,1.4,3030.7,10.47,3030.65,15.24
1715176702152,1715176702154,GATE,BNBUSDT,586,3.829,586.05,6.313,586.1,2.134,586.15,17.761,586.2,20.321,586.25,9.455,586.3,6.594,586.35,12.105,586.4,15.598,586.45,23.1,585.95,6.085,585.9,12.897,585.85,6.882,585.8,8.804,585.75,16.45,585.7,12.685,585.65,10.712,585.6,9.745,585.55,14.09,585.5,27.869
1715176702172,1715176702166,GATE,SOLUSDT,147.585,8,147.586,13,147.598,18,147.6,17,147.608,5,147.609,15,147.61,11,147.614,5,147.618,5,147.619,8,147.584,9,147.573,2,147.572,3,147.569,3,147.561,41,147.556,3,147.547,4,147.546,11,147.545,4,147.54,3
1715176702196,1715176702189,GATE,ETHUSDT,3031.2,0.43,3031.25,3.51,3031.35,3.17,3031.4,7.21,3031.45,0.5,3031.5,0.06,3031.55,9.64,3031.6,11.09,3031.75,10.58,3031.8,13.6,3031.15,54.48,3031.1,0.8,3031.05,1.13,3031,0.37,3030.95,0.66,3030.9,2.67,3030.85,5.55,3030.8,31.69,3030.75,1.78,3030.7,4.28
1715176702261,1715176702264,GATE,SOLUSDT,147.585,8,147.586,13,147.597,14,147.598,18,147.6,17,147.611,4,147.614,5,147.618,5,147.621,20,147.622,5,147.584,9,147.573,2,147.572,3,147.569,3,147.561,41,147.556,3,147.548,1,147.547,2,147.546,11,147.541,2
1715176702177,1715176702265,GATE,BNBUSDT,586,0.579,586.05,6.313,586.1,2.14,586.15,17.761,586.2,20.321,586.25,9.455,586.3,6.594,586.35,12.105,586.4,15.598,586.45,23.1,585.95,6.085,585.9,12.897,585.85,6.882,585.8,8.804,585.75,16.45,585.7,12.685,585.65,10.712,585.6,9.745,585.55,14.09,585.5,27.869
1715176702295,1715176702286,GATE,ETHUSDT,3031.2,0.43,3031.35,3.17,3031.4,7.21,3031.45,0.5,3031.5,0.06,3031.55,9.64,3031.6,11.11,3031.75,10.58,3031.8,13.6,3031.85,0.66,3031.15,54.48,3031.1,0.8,3031.05,1.13,3031,0.37,3030.95,0.66,3030.9,2.67,3030.85,5.55,3030.8,31.69,3030.75,1.81,3030.7,4.28
1715176702332,1715176702366,GATE,SOLUSDT,147.585,8,147.586,13,147.597,14,147.598,18,147.6,17,147.608,10,147.609,11,147.611,4,147.613,5,147.614,5,147.584,9,147.573,2,147.572,3,147.569,3,147.562,4,147.561,41,147.556,3,147.548,1,147.547,2,147.546,11
1715176702395,1715176702387,GATE,ETHUSDT,3031.4,0.01,3031.45,0.5,3031.5,0.06,3031.55,9.64,3031.6,11.09,3031.75,10.58,3031.8,13.14,3031.85,4.77,3031.9,6.72,3031.95,3.58,3031.35,22.5,3031.3,30.01,3031.25,0.66,3031.15,41.81,3031.1,0.8,3031.05,1.23,3031,0.37,3030.95,0.66,3030.9,7.64,3030.85,5.55
1715176702458,1715176702456,GATE,SOLUSDT,147.586,13,147.597,14,147.598,18,147.6,17,147.618,5,147.621,20,147.622,5,147.623,1,147.624,25,147.625,1,147.585,4,147.584,5,147.573,2,147.572,3,147.569,3,147.563,4,147.562,4,147.561,41,147.556,3,147.548,1
1715176702493,1715176702495,GATE,ETHUSDT,3031.4,7.3,3031.45,0.66,3031.5,0.06,3031.55,9.64,3031.6,11.09,3031.75,10.58,3031.8,13.14,3031.85,4.77,3031.9,6.72,3031.95,3.58,3031.35,50.21,3031.3,5.5,3031.25,0.66,3031.15,16.6,3031.1,0.85,3031.05,1.13,3031,9.03,3030.95,11.35,3030.9,7.62,3030.85,5.5
1715176702553,1715176702556,GATE,BNBUSDT,586,0.579,586.05,6.444,586.1,2.14,586.15,17.761,586.2,20.321,586.25,9.455,586.3,6.594,586.35,12.105,586.4,15.598,586.45,23.1,585.95,6.085,585.9,12.897,585.85,6.882,585.8,8.804,585.75,16.45,585.7,12.685,585.65,10.843,585.6,9.745,585.55,14.09,585.5,27.869
1715176702564,1715176702566,GATE,SOLUSDT,147.586,13,147.597,14,147.598,18,147.6,17,147.613,4,147.621,20,147.622,5,147.623,1,147.624,25,147.625,1,147.584,5,147.573,2,147.572,3,147.569,3,147.563,4,147.562,4,147.561,41,147.556,3,147.548,1,147.547,13
1715176702579,1715176702584,GATE,ETHUSDT,3031.4,7.3,3031.45,0.5,3031.5,0.06,3031.55,9.64,3031.6,11.11,3031.75,10.58,3031.8,13.14,3031.85,4.77,3031.9,6.72,3031.95,3.58,3031.35,51.87,3031.3,5.5,3031.25,0.66,3031.15,16.6,3031.1,0.85,3031.05,1.13,3031,9.03,3030.95,11.35,3030.9,7.62,3030.85,5.5
1715176702655,1715176702655,GATE,SOLUSDT,147.586,13,147.598,18,147.6,17,147.621,20,147.622,5,147.623,1,147.624,25,147.625,1,147.626,5,147.627,1,147.584,7,147.58,14,147.573,2,147.572,3,147.569,3,147.563,4,147.562,4,147.561,43,147.556,3,147.548,1
1715176702562,1715176702665,GATE,BNBUSDT,586,0.579,586.05,6.313,586.1,2.14,586.15,17.761,586.2,20.321,586.25,9.455,586.3,6.594,586.35,12.105,586.4,15.598,586.45,23.1,585.95,6.085,585.9,12.897,585.85,6.882,585.8,8.804,585.75,16.45,585.7,12.685,585.65,10.712,585.6,9.745,585.55,14.09,585.5,27.869
1715176702691,1715176702685,GATE,ETHUSDT,3031.4,0.59,3031.45,0.5,3031.5,0.06,3031.55,9.64,3031.6,11.09,3031.75,10.58,3031.8,13.14,3031.85,4.77,3031.9,6.72,3031.95,3.58,3031.35,59.07,3031.3,5.5,3031.25,0.66,3031.2,7.2,3031.15,16.6,3031.1,0.85,3031.05,1.13,3031,9.03,3030.95,11.35,3030.9,7.62
1715176702764,1715176702765,GATE,BNBUSDT,586,0.579,586.05,6.313,586.1,2.14,586.15,17.761,586.2,20.321,586.25,9.455,586.3,6.594,586.35,12.105,586.4,15.598,586.45,23.1,585.95,6.085,585.9,12.897,585.85,6.882,585.8,8.804,585.75,16.45,585.7,12.685,585.65,10.712,585.6,9.745,585.55,14.09,585.5,27.869
1715176702753,1715176702774,GATE,SOLUSDT,147.586,13,147.598,18,147.6,17,147.603,15,147.621,20,147.623,1,147.624,25,147.625,1,147.626,5,147.627,1,147.585,6,147.584,5,147.58,14,147.572,3,147.569,14,147.563,4,147.562,4,147.561,43,147.556,3,147.548,6
1715176702805,1715176702796,GATE,ETHUSDT,3031.4,0.86,3031.45,0.5,3031.5,0.06,3031.55,9.61,3031.6,11.11,3031.75,10.58,3031.8,13.14,3031.85,4.77,3031.9,6.72,3031.95,3.58,3031.35,65.23,3031.3,5.5,3031.25,0.66,3031.2,7.2,3031.15,16.6,3031.1,0.71,3031.05,1.13,3031,8.93,3030.95,11.45,3030.9,7.62
1715176702831,1715176702854,GATE,BNBUSDT,586,0.579,586.05,6.313,586.1,2.14,586.15,17.761,586.2,20.321,586.25,9.455,586.3,6.594,586.35,12.105,586.4,15.598,586.45,23.1,585.95,10.585,585.9,12.897,585.85,6.882,585.8,8.804,585.75,16.45,585.7,12.685,585.65,10.712,585.6,9.745,585.55,14.09,585.5,27.869
1715176702820,1715176702861,GATE,SOLUSDT,147.586,13,147.598,18,147.6,17,147.603,15,147.621,20,147.623,1,147.624,25,147.625,1,147.626,5,147.627,1,147.585,6,147.584,5,147.581,16,147.58,14,147.572,3,147.569,14,147.563,4,147.562,4,147.561,43,147.556,3
1715176702902,1715176702893,GATE,ETHUSDT,3031.4,0.86,3031.45,0.5,3031.5,0.06,3031.55,9.61,3031.6,11.11,3031.75,10.58,3031.8,13.14,3031.85,4.77,3031.9,6.72,3031.95,3.58,3031.35,71.82,3031.3,5.5,3031.25,0.66,3031.2,7.2,3031.15,16.6,3031.1,0.71,3031.05,1.13,3031,8.93,3030.95,11.45,3030.9,7.62
1715176702954,1715176702961,GATE,SOLUSDT,147.586,13,147.598,18,147.6,17,147.603,15,147.621,12,147.623,1,147.624,25,147.625,1,147.626,5,147.627,1,147.585,6,147.584,5,147.581,16,147.58,14,147.572,3,147.569,14,147.563,4,147.562,4,147.561,43,147.557,5
1715176702936,1715176702962,GATE,BNBUSDT,586,0.579,586.05,6.313,586.1,2.14,586.15,17.761,586.2,20.321,586.25,9.455,586.3,6.594,586.35,12.105,586.4,15.598,586.45,23.1,585.95,10.585,585.9,12.897,585.85,6.882,585.8,8.804,585.75,16.45,585.7,12.685,585.65,10.712,585.6,9.745,585.55,14.09,585.5,27.869
1715176702989,1715176702983,GATE,ETHUSDT,3031.4,0.86,3031.45,0.5,3031.5,0.06,3031.55,9.61,3031.6,11.09,3031.75,10.58,3031.8,13.14,3031.85,4.77,3031.9,6.72,3031.95,3.58,3031.35,71.82,3031.3,5.5,3031.25,0.66,3031.2,7.2,3031.15,16.6,3031.1,0.71,3031.05,1.13,3031,8.93,3030.95,11.45,3030.9,7.62
1715176703049,1715176703051,GATE,SOLUSDT,147.586,13,147.598,18,147.6,17,147.603,15,147.621,12,147.623,1,147.624,25,147.625,1,147.626,5,147.627,1,147.585,6,147.584,5,147.581,16,147.58,14,147.572,3,147.569,14,147.563,4,147.562,4,147.561,43,147.557,5
1715176703000,1715176703059,GATE,BNBUSDT,586,0.579,586.05,6.313,586.1,4.702,586.15,17.761,586.2,20.321,586.25,9.455,586.3,6.594,586.35,12.105,586.4,15.598,586.45,23.1,585.95,10.585,585.9,12.897,585.85,6.882,585.8,8.804,585.75,16.45,585.7,12.685,585.65,10.712,585.6,9.745,585.55,14.09,585.5,27.869
1715176703072,1715176703094,GATE,ETHUSDT,3031.4,0.86,3031.45,0.5,3031.5,0.06,3031.55,9.61,3031.6,11.11,3031.75,10.58,3031.8,13.14,3031.85,4.77,3031.9,6.72,3031.95,3.58,3031.35,71.82,3031.3,5.5,3031.25,0.66,3031.2,7.2,3031.15,16.6,3031.1,0.71,3031.05,1.13,3031,8.93,3030.95,11.45,3030.9,7.62
1715176703132,1715176703161,GATE,SOLUSDT,147.586,13,147.598,18,147.6,17,147.603,15,147.621,12,147.622,5,147.623,1,147.624,25,147.625,1,147.626,5,147.585,8,147.584,5,147.581,16,147.58,14,147.572,3,147.569,14,147.563,4,147.562,4,147.561,43,147.557,5
1715176703166,1715176703185,GATE,ETHUSDT,3031.4,0.86,3031.45,0.5,3031.5,0.06,3031.55,9.61,3031.6,11.11,3031.75,10.58,3031.8,13.14,3031.85,4.77,3031.9,6.72,3031.95,3.58,3031.35,71.82,3031.3,5.5,3031.25,0.66,3031.2,7.2,3031.15,16.6,3031.1,0.71,3031.05,1.13,3031,8.93,3030.95,11.45,3030.9,7.62
1715176703271,1715176703264,GATE,SOLUSDT,147.624,14,147.638,1,147.642,10,147.643,1,147.645,1,147.646,11,147.65,7,147.652,1,147.654,11,147.656,12,147.602,2,147.599,4,147.597,12,147.588,3,147.587,4,147.586,20,147.585,22,147.581,16,147.58,14,147.578,14
1715176703285,1715176703288,GATE,ETHUSDT,3031.4,0.86,3031.45,0.5,3031.5,0.06,3031.55,9.61,3031.6,11.09,3031.75,10.58,3031.8,13.14,3031.85,4.77,3031.9,6.72,3031.95,3.58,3031.35,64.62,3031.3,5.5,3031.25,0.66,3031.2,7.2,3031.15,16.6,3031.1,0.71,3031.05,1.13,3031,8.93,3030.95,11.45,3030.9,7.62
1715176703353,1715176703352,GATE,SOLUSDT,147.619,17,147.62,4,147.622,10,147.623,10,147.624,14,147.63,10,147.631,11,147.635,4,147.636,2,147.646,11,147.606,1,147.605,4,147.604,3,147.603,4,147.599,4,147.588,3,147.587,5,147.586,3,147.585,3,147.581,16
1715176703322,1715176703355,GATE,BNBUSDT,586,0.579,586.05,6.313,586.1,4.702,586.15,17.761,586.2,20.321,586.25,9.455,586.3,6.594,586.35,12.105,586.4,15.598,586.45,23.1,585.95,10.585,585.9,12.897,585.85,6.882,585.8,8.804,585.75,16.45,585.7,12.685,585.65,10.712,585.6,9.745,585.55,14.09,585.5,27.869
1715176703391,1715176703387,GATE,ETHUSDT,3031.4,0.86,3031.45,0.5,3031.5,0.06,3031.55,9.61,3031.6,11.11,3031.75,10.58,3031.8,13.14,3031.85,4.77,3031.9,6.72,3031.95,3.58,3031.35,58.03,3031.3,5.5,3031.25,0.66,3031.2,7.2,3031.15,16.6,3031.1,0.71,3031.05,1.13,3031,8.93,3030.95,11.45,3030.9,7.62
1715176703463,1715176703459,GATE,BNBUSDT,586,0.579,586.05,3.636,586.1,0.14,586.15,4.601,586.2,9.555,586.25,9.455,586.3,6.594,586.35,12.105,586.4,15.598,586.45,23.1,585.95,12.585,585.9,12.897,585.85,6.882,585.8,8.804,585.75,16.45,585.7,12.685,585.65,10.712,585.6,9.745,585.55,14.09,585.5,27.869
1715176703464,1715176703460,GATE,SOLUSDT,147.615,2,147.617,1,147.618,13,147.619,14,147.624,14,147.636,2,147.645,1,147.646,11,147.65,7,147.652,3,147.608,3,147.607,2,147.604,3,147.603,2,147.59,20,147.589,4,147.588,3,147.587,5,147.586,3,147.585,3
1715176703500,1715176703495,GATE,ETHUSDT,3031.5,0.33,3031.75,10.58,3031.8,13.14,3031.85,4.11,3031.9,6.72,3031.95,3.58,3032,5.76,3032.05,0.02,3032.1,1,3032.15,0.5,3031.45,74.48,3031.4,23.89,3031.35,40.87,3031.25,5.63,3031.2,7.7,3031.15,11.57,3031.1,3.06,3031.05,11.82,3031,8.93,3030.95,9.06
1715176703567,1715176703560,GATE,SOLUSDT,147.614,2,147.615,2,147.618,13,147.619,14,147.624,14,147.636,2,147.638,11,147.646,11,147.65,7,147.652,3,147.608,3,147.607,1,147.604,3,147.603,2,147.596,4,147.59,20,147.588,3,147.587,5,147.586,3,147.585,3
1715176703501,1715176703560,GATE,BNBUSDT,586,0.579,586.05,3.636,586.1,0.134,586.15,6.607,586.2,17.22,586.25,9.455,586.3,13.503,586.35,12.105,586.4,15.598,586.45,23.1,585.95,12.585,585.9,12.897,585.85,6.882,585.8,8.804,585.75,16.45,585.7,12.685,585.65,10.712,585.6,9.745,585.55,14.09,585.5,27.869
1715176703593,1715176703586,GATE,ETHUSDT,3031.7,0.01,3031.75,1.53,3031.8,1.91,3031.85,4.11,3031.95,3.58,3032,5.76,3032.05,0.02,3032.1,1,3032.15,0.5,3032.2,1.56,3031.5,0.27,3031.45,71.42,3031.4,23.89,3031.35,27.22,3031.3,1.43,3031.25,5.63,3031.2,7.33,3031.15,11.57,3031.1,2.97,3031.05,11.82
1715176703645,1715176703660,GATE,BNBUSDT,586,0.579,586.05,3.636,586.1,0.134,586.15,6.607,586.2,17.22,586.25,9.455,586.3,13.503,586.35,12.105,586.4,15.598,586.45,23.1,585.95,12.585,585.9,12.897,585.85,6.882,585.8,8.804,585.75,16.45,585.7,12.685,585.65,10.712,585.6,9.745,585.55,14.09,585.5,27.869
1715176703676,1715176703677,GATE,SOLUSDT,147.621,2,147.622,5,147.623,13,147.624,14,147.636,2,147.646,11,147.648,4,147.65,7,147.652,2,147.654,11,147.62,3,147.607,2,147.604,3,147.603,2,147.596,4,147.592,11,147.59,16,147.588,3,147.587,5,147.586,3
1715176703688,1715176703683,GATE,ETHUSDT,3031.75,1.8,3031.8,1.91,3031.95,3.58,3032,5.76,3032.05,0.02,3032.1,1,3032.15,0.5,3032.2,1.56,3032.25,1.88,3032.4,7.7,3031.7,58.42,3031.65,14.74,3031.6,5.5,3031.55,12.27,3031.5,10.87,3031.45,8.42,3031.4,8.22,3031.35,21.42,3031.3,21.19,3031.25,0.66
1715176703724,1715176703764,GATE,BNBUSDT,586,0.579,586.05,3.636,586.1,0.134,586.15,6.607,586.2,17.22,586.25,9.455,586.3,13.503,586.35,12.105,586.4,15.598,586.45,23.1,585.95,12.585,585.9,12.897,585.85,6.882,585.8,8.804,585.75,16.45,585.7,12.685,585.65,10.712,585.6,9.745,585.55,14.09,585.5,27.869
1715176703774,1715176703774,GATE,SOLUSDT,147.607,4,147.618,34,147.619,2,147.621,15,147.622,2,147.624,14,147.635,11,147.636,2,147.646,11,147.648,4,147.606,1,147.604,3,147.603,2,147.598,4,147.596,4,147.59,16,147.588,3,147.587,5,147.586,3,147.585,3
1715176703807,1715176703805,GATE,ETHUSDT,3031.75,14.43,3031.8,1.92,3031.9,0.02,3031.95,3.58,3032,5.76,3032.05,0.02,3032.1,5.35,3032.15,7.25,3032.2,0.36,3032.25,1.88,3031.7,44.83,3031.65,12.18,3031.6,5.5,3031.55,12.03,3031.5,9.72,3031.45,7.2,3031.4,8.22,3031.35,20.22,3031.3,21.19,3031.25,0.66
1715176703834,1715176703858,GATE,BNBUSDT,586,0.579,586.05,3.636,586.1,0.134,586.15,6.607,586.2,17.22,586.25,9.455,586.3,13.503,586.35,12.105,586.4,15.598,586.45,23.1,585.95,12.585,585.9,12.897,585.85,6.882,585.8,8.804,585.75,16.45,585.7,12.685,585.65,10.712,585.6,9.745,585.55,14.09,585.5,27.869
1715176703860,1715176703863,GATE,SOLUSDT,147.607,4,147.616,2,147.618,3,147.619,2,147.62,6,147.621,15,147.622,2,147.623,10,147.624,14,147.635,11,147.606,1,147.604,3,147.599,2,147.598,4,147.596,4,147.59,16,147.588,3,147.587,2,147.586,3,147.585,3
1715176703895,1715176703886,GATE,ETHUSDT,3031.75,22.49,3031.8,1.92,3031.95,3.58,3032,5.76,3032.05,0.02,3032.1,5.35,3032.15,7.25,3032.2,0.36,3032.25,1.88,3032.4,7.7,3031.7,42.83,3031.65,12.08,3031.55,12.03,3031.5,0.27,3031.45,7.2,3031.4,8.22,3031.35,19.22,3031.3,21.19,3031.25,0.66,3031.2,4.19
1715176703946,1715176703968,GATE,SOLUSDT,147.607,4,147.616,2,147.618,3,147.619,2,147.62,6,147.621,15,147.622,2,147.623,10,147.624,14,147.635,11,147.606,1,147.604,3,147.599,2,147.598,4,147.596,4,147.59,16,147.588,3,147.587,2,147.585,3,147.581,16
1715176703991,1715176703993,GATE,ETHUSDT,3031.75,23.67,3031.8,1.92,3031.9,0.02,3031.95,3.58,3032,5.76,3032.05,0.02,3032.1,5.35,3032.15,7.25,3032.2,0.36,3032.25,1.88,3031.7,39.42,3031.65,12.08,3031.55,12.03,3031.4,1.02,3031.35,19.22,3031.3,21.19,3031.25,0.66,3031.2,4.19,3031.15,16,3031.1,0.85
1715176704062,1715176704063,GATE,SOLUSDT,147.607,4,147.616,2,147.618,3,147.619,2,147.62,6,147.621,15,147.622,2,147.623,10,147.624,14,147.635,11,147.606,1,147.604,3,147.599,2,147.598,4,147.596,4,147.59,16,147.588,3,147.587,1,147.585,3,147.581,16
1715176704062,1715176704064,GATE,BNBUSDT,586,0.579,586.05,3.636,586.1,0.134,586.15,6.607,586.2,17.22,586.25,9.455,586.3,13.503,586.35,12.105,586.4,15.598,586.45,23.1,585.95,12.585,585.9,12.897,585.85,6.882,585.8,8.804,585.75,16.45,585.7,12.685,585.65,10.712,585.6,16.577,585.55,14.09,585.5,21.036
1715176704086,1715176704091,GATE,ETHUSDT,3031.75,23.67,3031.8,1.92,3031.9,0.02,3031.95,3.58,3032,5.76,3032.05,0.02,3032.1,5.35,3032.15,7.25,3032.2,0.36,3032.25,1.88,3031.7,39.84,3031.65,12.08,3031.55,12.03,3031.5,2.65,3031.4,1.07,3031.35,19.22,3031.3,21.19,3031.25,0.66,3031.2,4.19,3031.15,21.07
1715176704108,1715176704152,GATE,BNBUSDT,586,0.579,586.05,3.636,586.1,0.134,586.15,6.607,586.2,17.22,586.25,9.455,586.3,13.503,586.35,12.105,586.4,15.598,586.45,23.1,585.95,12.585,585.9,12.897,585.85,6.882,585.8,8.804,585.75,16.45,585.7,12.685,585.65,10.712,585.6,16.577,585.55,14.09,585.5,21.036
1715176704172,1715176704166,GATE,SOLUSDT,147.607,4,147.616,2,147.618,2,147.619,2,147.62,6,147.621,15,147.622,2,147.623,10,147.624,14,147.635,11,147.606,3,147.604,3,147.599,2,147.598,4,147.596,4,147.59,16,147.588,3,147.587,1,147.585,3,147.581,16
1715176704173,1715176704185,GATE,ETHUSDT,3031.75,23.67,3031.8,1.92,3031.95,3.58,3032,5.76,3032.05,0.02,3032.1,5.35,3032.15,7.25,3032.2,0.36,3032.25,1.88,3032.4,7.7,3031.7,39.84,3031.65,12.08,3031.55,12.03,3031.4,1.07,3031.35,19.22,3031.3,21.19,3031.25,0.66,3031.2,4.19,3031.15,21.07,3031.1,0.75
1715176704230,1715176704270,GATE,SOLUSDT,147.618,2,147.619,2,147.62,8,147.621,15,147.622,2,147.623,10,147.624,14,147.636,2,147.646,15,147.647,5,147.617,6,147.604,3,147.599,2,147.598,4,147.596,4,147.59,27,147.588,3,147.587,1,147.585,3,147.581,16
1715176704290,1715176704285,GATE,ETHUSDT,3031.75,15.29,3031.8,1.92,3031.9,0.02,3031.95,3.58,3032,5.76,3032.05,0.02,3032.1,5.35,3032.15,7.25,3032.2,0.36,3032.25,1.88,3031.7,40.5,3031.65,12.08,3031.55,12.03,3031.4,1.07,3031.35,19.22,3031.3,21.19,3031.25,0.66,3031.2,4.19,3031.15,21.07,3031.1,0.75
1715176704365,1715176704362,GATE,BNBUSDT,586,0.579,586.05,3.636,586.1,0.134,586.15,6.607,586.2,17.22,586.25,9.455,586.3,13.503,586.35,12.105,586.4,15.598,586.45,23.1,585.95,12.585,585.9,12.897,585.85,6.882,585.8,8.804,585.75,16.45,585.7,12.685,585.65,10.712,585.6,16.577,585.55,14.09,585.5,21.036
1715176704320,1715176704366,GATE,SOLUSDT,147.618,2,147.619,2,147.62,8,147.621,15,147.622,2,147.623,10,147.624,14,147.636,2,147.646,15,147.647,5,147.617,6,147.604,3,147.599,2,147.598,4,147.596,4,147.59,27,147.588,3,147.587,1,147.585,3,147.581,16
1715176704397,1715176704388,GATE,ETHUSDT,3031.75,1.8,3031.8,1.92,3031.95,3.58,3032,5.76,3032.05,0.02,3032.1,5.35,3032.15,7.25,3032.2,0.36,3032.25,1.88,3032.4,7.7,3031.7,48.4,3031.65,12.08,3031.55,12.03,3031.4,1.07,3031.35,19.22,3031.3,21.19,3031.25,0.66,3031.2,4.19,3031.15,21.07,3031.1,0.75
1715176704442,1715176704462,GATE,SOLUSDT,147.618,2,147.62,8,147.621,15,147.622,2,147.623,10,147.624,14,147.636,2,147.646,15,147.647,5,147.65,7,147.617,6,147.604,3,147.599,2,147.598,4,147.596,4,147.59,27,147.588,3,147.587,1,147.585,3,147.581,16
1715176704490,1715176704487,GATE,ETHUSDT,3031.75,1.8,3031.8,1.92,3031.95,3.58,3032,5.76,3032.05,0.02,3032.1,5.35,3032.15,7.25,3032.2,0.36,3032.25,1.88,3032.4,7.7,3031.7,48.49,3031.65,12.08,3031.55,12.03,3031.4,1.07,3031.35,19.22,3031.3,21.19,3031.25,0.66,3031.2,4.19,3031.15,21.07,3031.1,0.66
1715176704557,1715176704556,GATE,SOLUSDT,147.618,4,147.62,8,147.621,15,147.622,2,147.623,10,147.624,14,147.636,2,147.646,15,147.647,5,147.65,7,147.617,6,147.604,3,147.599,2,147.598,4,147.596,4,147.59,27,147.588,3,147.587,1,147.585,3,147.581,16
1715176704571,1715176704566,GATE,BNBUSDT,586,0.579,586.05,3.636,586.1,0.134,586.15,6.607,586.2,17.22,586.25,9.455,586.3,13.503,586.35,12.105,586.4,15.598,586.45,23.1,585.95,12.585,585.9,12.897,585.85,6.882,585.8,8.804,585.75,16.45,585.7,12.685,585.65,10.712,585.6,16.577,585.55,14.09,585.5,21.036
1715176704577,1715176704587,GATE,ETHUSDT,3031.75,1.8,3031.8,1.92,3031.9,0.02,3031.95,3.58,3032,5.76,3032.05,0.02,3032.1,5.35,3032.15,7.25,3032.2,0.36,3032.25,1.88,3031.7,47.99,3031.65,12.08,3031.6,16.5,3031.55,12.03,3031.4,1.07,3031.35,19.22,3031.3,21.19,3031.25,0.66,3031.2,4.19,3031.15,21.07
1715176704661,1715176704658,GATE,SOLUSDT,147.618,4,147.62,8,147.621,15,147.622,2,147.623,10,147.624,14,147.636,2,147.646,15,147.647,5,147.65,7,147.617,6,147.604,3,147.599,2,147.598,4,147.596,4,147.59,27,147.588,3,147.587,1,147.585,3,147.581,16
1715176704617,1715176704659,GATE,BNBUSDT,586,0.579,586.05,3.636,586.1,5.211,586.15,12.364,586.2,17.22,586.25,9.455,586.3,13.503,586.35,12.105,586.4,15.598,586.45,23.1,585.95,12.585,585.9,12.897,585.85,6.882,585.8,8.804,585.75,16.45,585.7,12.685,585.65,10.712,585.6,16.577,585.55,14.09,585.5,21.036
1715176704685,1715176704694,GATE,ETHUSDT,3031.75,21.36,3031.8,1.92,3031.85,4.4,3031.9,7.2,3031.95,3.58,3032,5.76,3032.05,0.02,3032.1,5.35,3032.15,7.25,3032.2,0.36,3031.7,39.93,3031.65,12.08,3031.6,16.5,3031.55,12.03,3031.4,1.02,3031.35,19.22,3031.3,21.19,3031.25,0.66,3031.2,4.19,3031.15,21.07
1715176704751,1715176704757,GATE,BNBUSDT,586,0.579,586.05,3.642,586.1,5.211,586.15,12.358,586.2,17.22,586.25,9.455,586.3,13.503,586.35,12.105,586.4,15.598,586.45,23.1,585.95,12.585,585.9,12.897,585.85,6.882,585.8,8.804,585.75,16.45,585.7,12.685,585.65,10.712,585.6,16.577,585.55,14.09,585.5,21.036
1715176704774,1715176704771,GATE,SOLUSDT,147.618,4,147.619,2,147.62,6,147.621,15,147.622,2,147.623,10,147.624,14,147.636,2,147.646,15,147.647,5,147.617,4,147.604,3,147.599,2,147.598,4,147.596,4,147.59,27,147.588,3,147.587,1,147.585,3,147.581,16
1715176704795,1715176704787,GATE,ETHUSDT,3031.75,3.02,3031.8,1.92,3031.85,4.4,3031.9,7.22,3031.95,3.58,3032,5.76,3032.05,0.02,3032.1,5.35,3032.15,7.25,3032.2,0.36,3031.7,46.59,3031.65,12.08,3031.6,16.5,3031.55,12.03,3031.4,1.07,3031.35,19.22,3031.3,21.19,3031.25,0.66,3031.2,4.29,3031.15,20.97
1715176704861,1715176704862,GATE,SOLUSDT,147.62,18,147.621,15,147.624,14,147.636,2,147.65,7,147.651,5,147.652,2,147.653,15,147.654,11,147.655,5,147.619,6,147.618,1,147.605,2,147.604,3,147.601,25,147.598,4,147.596,4,147.59,27,147.588,3,147.587,1
1715176704866,1715176704870,GATE,BNBUSDT,586,0.579,586.05,3.642,586.1,5.211,586.15,12.358,586.2,17.22,586.25,9.455,586.3,13.503,586.35,12.105,586.4,15.598,586.45,23.1,585.95,12.585,585.9,12.897,585.85,6.882,585.8,8.804,585.75,16.45,585.7,12.685,585.65,10.712,585.6,16.577,585.55,14.09,585.5,21.036
1715176704891,1715176704885,GATE,ETHUSDT,3032,5.76,3032.05,0.02,3032.1,4.35,3032.4,7.7,3032.45,12.5,3032.5,14.36,3032.6,0.03,3032.65,0.01,3032.7,0.3,3032.8,0.19,3031.95,75.71,3031.9,6.7,3031.85,12.24,3031.8,0.3,3031.75,16.21,3031.7,15.97,3031.65,0.1,3031.6,16.5,3031.55,13.4,3031.5,7.62
1715176704953,1715176704952,GATE,SOLUSDT,147.624,14,147.636,2,147.652,1,147.659,3,147.66,1,147.661,15,147.662,11,147.664,35,147.665,6,147.666,7,147.623,6,147.62,6,147.608,4,147.605,2,147.604,3,147.601,25,147.599,3,147.597,14,147.595,1,147.59,27
1715176704955,1715176704959,GATE,BNBUSDT,586,0.579,586.05,3.642,586.1,0.134,586.15,10.205,586.2,12.72,586.25,9.455,586.3,13.503,586.35,12.105,586.4,15.598,586.45,23.1,585.95,12.585,585.9,12.897,585.85,10.132,585.8,11.39,585.75,16.45,585.7,12.685,585.65,10.712,585.6,16.577,585.55,14.09,585.5,21.976
1715176704997,1715176704995,GATE,ETHUSDT,3032.4,7.47,3032.45,8.75,3032.5,14.36,3032.6,0.03,3032.65,0.01,3032.7,6.35,3032.75,0.36,3032.8,0.19,3032.9,11.95,3032.95,1.82,3032.35,47.43,3032.3,0.66,3032.15,7.68,3032.1,5.5,3032.05,0.41,3032,27.33,3031.95,18.79,3031.9,6.7,3031.85,13.49,3031.8,8.39
1715176705056,1715176705053,GATE,SOLUSDT,147.624,11,147.625,8,147.626,14,147.636,2,147.652,5,147.659,3,147.66,1,147.661,15,147.662,11,147.664,35,147.623,6,147.62,6,147.608,4,147.605,2,147.604,3,147.601,25,147.599,3,147.597,14,147.595,1,147.59,27
1715176705062,1715176705064,GATE,BNBUSDT,586,0.579,586.05,3.636,586.1,3.09,586.15,10.205,586.2,12.716,586.25,9.455,586.3,6.594,586.35,8.467,586.4,15.598,586.45,23.1,585.95,12.585,585.9,12.897,585.85,10.132,585.8,11.39,585.75,16.45,585.7,12.685,585.65,10.712,585.6,16.577,585.55,14.414,585.5,21.976
1715176705093,1715176705092,GATE,ETHUSDT,3032.4,25.78,3032.45,8.75,3032.5,14.36,3032.6,0.03,3032.65,3.89,3032.7,6.35,3032.8,0.19,3032.85,7.25,3032.9,11.95,3033,8.47,3032.35,30.83,3032.3,0.15,3032.25,9.5,3032.2,7.91,3032.15,7.68,3032.1,5.52,3032.05,0.36,3032,27.33,3031.95,17.7,3031.9,5.5
1715176705154,1715176705163,GATE,BNBUSDT,586,0.579,586.05,3.636,586.1,3.09,586.15,10.205,586.2,12.716,586.25,9.455,586.3,6.594,586.35,8.467,586.4,15.598,586.45,23.1,585.95,12.585,585.9,12.897,585.85,10.132,585.8,11.39,585.75,16.45,585.7,12.685,585.65,10.712,585.6,16.577,585.55,14.414,585.5,21.976
1715176705151,1715176705166,GATE,SOLUSDT,147.624,13,147.625,8,147.626,14,147.636,2,147.648,11,147.651,4,147.652,5,147.658,10,147.659,3,147.66,6,147.623,6,147.62,6,147.608,4,147.605,2,147.604,3,147.601,25,147.599,3,147.597,14,147.595,1,147.59,27
1715176705187,1715176705184,GATE,ETHUSDT,3032.4,25.77,3032.45,8.75,3032.5,14.38,3032.6,0.03,3032.65,3.89,3032.7,6.35,3032.8,0.19,3032.85,7.25,3032.9,11.95,3033,8.47,3032.35,25.75,3032.3,0.15,3032.25,9.5,3032.2,7.91,3032.15,7.02,3032.05,0.36,3032,27.33,3031.95,17.7,3031.9,5.5,3031.85,13.49
1715176705257,1715176705256,GATE,SOLUSDT,147.624,11,147.625,8,147.626,14,147.636,2,147.648,11,147.652,5,147.657,9,147.658,10,147.659,3,147.66,6,147.623,8,147.62,4,147.608,4,147.605,2,147.604,3,147.601,25,147.599,3,147.597,14,147.595,1,147.591,5
1715176705262,1715176705264,GATE,BNBUSDT,586,0.579,586.05,3.636,586.1,0.14,586.15,10.205,586.2,12.716,586.25,9.455,586.3,6.594,586.35,8.467,586.4,15.598,586.45,23.1,585.95,12.585,585.9,12.897,585.85,10.132,585.8,11.39,585.75,16.45,585.7,12.685,585.65,10.712,585.6,16.577,585.55,14.414,585.5,21.976
1715176705284,1715176705287,GATE,ETHUSDT,3032.4,14.16,3032.45,8.75,3032.5,14.38,3032.6,0.03,3032.65,3.89,3032.7,6.35,3032.8,0.19,3032.85,7.25,3032.9,11.95,3033,2.97,3032.35,46.16,3032.3,0.81,3032.15,13.18,3032.05,0.41,3032,27.33,3031.95,17.7,3031.9,5.5,3031.85,13.49,3031.8,8.94,3031.75,7.23
1715176705273,1715176705359,GATE,BNBUSDT,586,0.579,586.05,3.636,586.1,0.14,586.15,10.205,586.2,12.716,586.25,9.455,586.3,6.594,586.35,8.467,586.4,15.598,586.45,23.1,585.95,12.585,585.9,12.897,585.85,10.132,585.8,11.39,585.75,16.45,585.7,12.685,585.65,10.712,585.6,16.577,585.55,14.414,585.5,21.976
1715176705373,1715176705367,GATE,SOLUSDT,147.624,11,147.626,14,147.636,2,147.652,1,147.657,9,147.658,10,147.659,3,147.66,6,147.661,25,147.662,11,147.623,6,147.62,4,147.608,4,147.605,2,147.604,3,147.601,25,147.599,3,147.597,14,147.595,1,147.591,5
1715176705386,1715176705387,GATE,ETHUSDT,3032.4,24.82,3032.45,8.75,3032.5,14.36,3032.6,0.03,3032.65,3.89,3032.7,6.35,3032.8,0.19,3032.85,7.25,3032.9,11.95,3033,8.47,3032.35,23.26,3032.2,17.41,3032.15,7.02,3032.05,0.36,3032,27.33,3031.95,17.7,3031.9,5.5,3031.85,13.49,3031.8,8.94,3031.75,7.23
1715176705452,1715176705462,GATE,BNBUSDT,586,0.579,586.05,3.636,586.1,3.164,586.15,10.205,586.2,12.716,586.25,9.455,586.3,6.594,586.35,8.467,586.4,15.598,586.45,23.1,585.95,12.585,585.9,12.897,585.85,10.132,585.8,11.39,585.75,18.506,585.7,12.685,585.65,10.712,585.6,16.577,585.55,14.414,585.5,21.976
1715176705465,1715176705472,GATE,SOLUSDT,147.624,13,147.625,12,147.626,14,147.636,2,147.648,11,147.652,5,147.657,9,147.658,11,147.659,3,147.66,6,147.623,6,147.62,1,147.608,4,147.605,2,147.604,3,147.597,14,147.595,1,147.591,5,147.59,27,147.588,3
1715176705488,1715176705488,GATE,ETHUSDT,3032.4,28.66,3032.45,8.75,3032.5,14.38,3032.6,0.03,3032.65,3.89,3032.7,6.35,3032.75,3.45,3032.8,5.69,3032.85,7.25,3032.9,11.95,3032.35,13.92,3032.15,7.02,3032.1,17.41,3032.05,0.36,3032,26.67,3031.95,17.7,3031.9,5.5,3031.85,18.46,3031.8,8.94,3031.75,7.33
1715176705559,1715176705555,GATE,SOLUSDT,147.624,16,147.625,12,147.626,14,147.636,2,147.64,11,147.645,3,147.647,13,147.648,11,147.652,5,147.655,1,147.623,4,147.62,1,147.605,2,147.604,3,147.601,4,147.597,14,147.593,4,147.591,5,147.59,27,147.588,3
1715176705560,1715176705564,GATE,BNBUSDT,586,0.579,586.05,3.636,586.1,3.164,586.15,10.205,586.2,12.716,586.25,9.455,586.3,6.594,586.35,8.467,586.4,15.598,586.45,23.1,585.95,12.585,585.9,12.897,585.85,10.132,585.8,11.39,585.75,18.506,585.7,12.685,585.65,10.712,585.6,16.577,585.55,14.414,585.5,21.976
1715176705598,1715176705590,GATE,ETHUSDT,3032.1,36.35,3032.15,15.16,3032.2,8.1,3032.25,6.58,3032.35,6.99,3032.4,16.64,3032.45,13.71,3032.5,24.35,3032.6,0.03,3032.65,0.01,3032.05,13.9,3032,0.14,3031.95,10.5,3031.85,29.5,3031.8,0.55,3031.75,4.17,3031.7,25.43,3031.65,6.39,3031.6,16.5,3031.55,11.36
1715176705660,1715176705657,GATE,SOLUSDT,147.621,3,147.622,15,147.623,20,147.624,11,147.626,14,147.636,2,147.639,7,147.64,11,147.648,11,147.652,5,147.605,1,147.604,3,147.602,2,147.601,4,147.597,14,147.593,4,147.59,16,147.588,3,147.587,6,147.583,5
1715176705690,1715176705686,GATE,ETHUSDT,3032.1,34.96,3032.15,12.76,3032.2,8.1,3032.25,6.58,3032.35,2.7,3032.4,9.41,3032.45,13.71,3032.5,24.35,3032.6,0.03,3032.65,0.01,3032.05,20.95,3032,0.14,3031.95,10.5,3031.85,29.5,3031.8,0.55,3031.75,0.03,3031.7,25.4,3031.65,6.39,3031.6,16.53,3031.55,11.36
1715176705751,1715176705758,GATE,SOLUSDT,147.616,4,147.617,3,147.619,2,147.621,12,147.622,2,147.623,20,147.624,11,147.626,14,147.636,2,147.648,11,147.605,1,147.604,3,147.602,2,147.601,4,147.597,14,147.593,4,147.59,16,147.588,3,147.587,6,147.583,5
1715176705797,1715176705794,GATE,ETHUSDT,3032.1,37.9,3032.15,12.76,3032.2,8.12,3032.25,6.58,3032.35,2.7,3032.4,9.41,3032.45,13.71,3032.5,24.35,3032.6,0.03,3032.65,0.01,3032.05,20.59,3032,0.14,3031.95,10.5,3031.9,0.05,3031.85,29.5,3031.8,5.52,3031.75,0.08,3031.7,25.4,3031.65,6.29,3031.6,16.63
1715176705798,1715176705862,GATE,BNBUSDT,586,0.579,586.05,3.636,586.1,3.164,586.15,10.205,586.2,17.216,586.25,9.455,586.3,6.594,586.35,8.467,586.4,15.598,586.45,23.1,585.95,12.585,585.9,12.897,585.85,10.132,585.8,11.39,585.75,18.506,585.7,12.685,585.65,10.712,585.6,16.577,585.55,14.414,585.5,21.976
1715176705875,1715176705873,GATE,SOLUSDT,147.61,4,147.611,2,147.615,1,147.619,2,147.622,2,147.623,18,147.624,11,147.626,14,147.636,2,147.648,11,147.605,1,147.604,3,147.597,14,147.593,4,147.59,16,147.588,3,147.587,6,147.583,5,147.582,15,147.581,16
1715176705897,1715176705895,GATE,ETHUSDT,3032.1,36.35,3032.15,12.76,3032.2,8.12,3032.25,6.58,3032.35,2.7,3032.4,9.41,3032.45,13.71,3032.5,24.35,3032.6,0.03,3032.65,0.01,3032.05,20.59,3032,0.14,3031.95,10.5,3031.85,29.5,3031.8,5.52,3031.75,0.08,3031.7,25.4,3031.65,6.29,3031.6,16.6,3031.55,11.36
1715176705958,1715176705956,GATE,SOLUSDT,147.606,4,147.609,1,147.619,2,147.622,2,147.623,18,147.624,11,147.626,14,147.634,11,147.636,2,147.647,1,147.605,1,147.604,3,147.598,2,147.597,14,147.593,4,147.59,16,147.588,3,147.587,6,147.583,5,147.582,15
1715176705950,1715176705960,GATE,BNBUSDT,586,0.579,586.05,3.636,586.1,0.14,586.15,10.205,586.2,17.216,586.25,9.455,586.3,6.594,586.35,8.467,586.4,15.598,586.45,23.1,585.95,12.585,585.9,12.897,585.85,10.132,585.8,11.39,585.75,18.506,585.7,12.685,585.65,10.712,585.6,16.577,585.55,14.414,585.5,21.976
1715176705990,1715176705985,GATE,ETHUSDT,3032.1,18.88,3032.2,3.96,3032.25,6.58,3032.35,0.63,3032.4,1,3032.45,13.71,3032.5,24.35,3032.6,0.03,3032.65,0.01,3032.7,0.3,3032.05,41.94,3032,0.8,3031.95,10.5,3031.9,0.08,3031.85,12.09,3031.8,5.52,3031.75,0.03,3031.7,25.86,3031.65,6.29,3031.6,16.5
1715176706062,1715176706056,GATE,SOLUSDT,147.599,4,147.604,1,147.605,18,147.606,17,147.619,2,147.622,2,147.624,11,147.627,6,147.628,10,147.633,16,147.598,1,147.597,14,147.594,4,147.59,16,147.588,3,147.582,15,147.579,5,147.575,5,147.572,12,147.571,5
1715176706064,1715176706063,GATE,BNBUSDT,586,0.579,586.05,3.636,586.1,5.119,586.15,10.205,586.2,17.216,586.25,9.455,586.3,6.594,586.35,8.467,586.4,15.598,586.45,23.1,585.95,12.585,585.9,12.897,585.85,10.132,585.8,8.804,585.75,18.506,585.7,12.685,585.65,10.712,585.6,16.577,585.55,14.414,585.5,22.83
1715176706095,1715176706098,GATE,ETHUSDT,3032.1,28.79,3032.2,3.98,3032.25,6.58,3032.35,0.63,3032.4,1,3032.45,13.71,3032.5,24.35,3032.6,0.03,3032.65,0.01,3032.7,0.3,3032.05,13.94,3032,0.14,3031.95,11.9,3031.9,0.03,3031.85,11.43,3031.8,15.02,3031.75,0.03,3031.7,25.76,3031.65,6.39,3031.6,16.5
1715176706136,1715176706152,GATE,BNBUSDT,586,0.579,586.05,3.636,586.1,4.948,586.15,10.205,586.2,17.216,586.25,9.455,586.3,6.594,586.35,8.467,586.4,15.598,586.45,23.1,585.95,12.585,585.9,12.897,585.85,10.132,585.8,8.804,585.75,18.506,585.7,12.685,585.65,10.712,585.6,16.577,585.55,14.414,585.5,21.976
1715176706158,1715176706163,GATE,SOLUSDT,147.599,4,147.604,3,147.605,18,147.606,17,147.619,2,147.622,2,147.624,11,147.627,8,147.628,10,147.632,1,147.598,1,147.597,14,147.59,16,147.588,3,147.582,15,147.579,5,147.577,3,147.576,4,147.575,5,147.572,12
1715176706200,1715176706196,GATE,ETHUSDT,3032.1,28.79,3032.2,3.96,3032.25,6.58,3032.35,0.63,3032.4,1,3032.45,13.71,3032.5,24.35,3032.6,0.03,3032.65,0.01,3032.7,0.3,3032.05,11.97,3032,0.14,3031.95,29.31,3031.85,11.43,3031.8,5.52,3031.75,0.08,3031.7,25.76,3031.65,6.29,3031.6,16.63,3031.55,9.05
1715176706185,1715176706267,GATE,SOLUSDT,147.599,4,147.604,3,147.605,18,147.606,17,147.619,2,147.622,2,147.624,11,147.627,8,147.628,10,147.632,1,147.598,1,147.597,14,147.591,4,147.59,16,147.588,3,147.582,15,147.579,5,147.577,3,147.576,4,147.575,5
1715176706264,1715176706287,GATE,ETHUSDT,3032.1,28.79,3032.2,3.98,3032.25,6.58,3032.35,0.63,3032.4,1,3032.45,13.71,3032.5,24.35,3032.6,0.03,3032.65,0.01,3032.7,0.3,3032.05,12.96,3032,0.14,3031.95,29.31,3031.85,12.09,3031.8,5.52,3031.75,0.03,3031.7,25.76,3031.65,6.29,3031.6,16.63,3031.55,9.05
1715176706391,1715176706389,GATE,ETHUSDT,3032.1,28.79,3032.2,3.98,3032.25,6.58,3032.35,0.63,3032.4,1,3032.45,13.71,3032.5,24.35,3032.6,0.03,3032.65,0.01,3032.7,0.3,3032.05,12.96,3032,0.14,3031.95,27.91,3031.85,12.09,3031.8,5.52,3031.75,0.03,3031.7,25.76,3031.65,6.29,3031.6,16.6,3031.55,11.36
1715176706345,1715176706389,GATE,SOLUSDT,147.599,4,147.604,3,147.605,18,147.606,17,147.619,2,147.622,15,147.623,11,147.624,11,147.627,8,147.628,10,147.598,3,147.597,14,147.591,4,147.59,16,147.588,3,147.579,5,147.577,3,147.576,4,147.575,5,147.572,12
1715176706454,1715176706459,GATE,SOLUSDT,147.599,4,147.603,2,147.604,3,147.605,18,147.606,17,147.615,11,147.622,15,147.623,11,147.624,11,147.627,8,147.598,1,147.59,16,147.577,3,147.576,4,147.575,5,147.572,12,147.571,5,147.566,5,147.564,34,147.562,15
1715176706497,1715176706492,GATE,ETHUSDT,3032.1,28.91,3032.2,3.96,3032.25,6.58,3032.35,0.63,3032.4,1,3032.45,13.71,3032.5,24.35,3032.6,0.03,3032.65,0.01,3032.7,0.3,3032.05,0.25,3032,0.14,3031.95,10.5,3031.85,22.33,3031.8,8.46,3031.75,0.03,3031.7,17.23,3031.65,6.29,3031.6,16.53,3031.55,11.36
1715176706568,1715176706562,GATE,SOLUSDT,147.591,7,147.598,15,147.599,11,147.604,2,147.605,18,147.606,17,147.607,11,147.608,2,147.614,1,147.615,11,147.59,15,147.576,4,147.572,3,147.568,4,147.566,5,147.562,5,147.556,3,147.554,2,147.552,2,147.551,11
1715176706593,1715176706591,GATE,ETHUSDT,3032.05,36.19,3032.1,19.81,3032.2,0.02,3032.25,6.58,3032.3,0.31,3032.35,0.63,3032.4,1,3032.45,13.71,3032.5,29.85,3032.6,0.03,3032,0.3,3031.95,10.5,3031.85,11.43,3031.8,0.55,3031.75,0.03,3031.7,0.36,3031.65,17.41,3031.6,16.53,3031.55,13.47,3031.5,13.51
1715176706653,1715176706658,GATE,BNBUSDT,586,8.242,586.05,3.636,586.1,4.624,586.15,8.205,586.2,20.466,586.25,9.455,586.3,6.594,586.35,17.026,586.4,22.421,586.45,23.1,585.95,6.085,585.9,8.397,585.85,6.882,585.8,8.804,585.75,18.506,585.7,12.685,585.65,10.712,585.6,9.745,585.55,14.09,585.5,28.809
1715176706675,1715176706673,GATE,SOLUSDT,147.574,19,147.576,2,147.577,1,147.59,18,147.591,2,147.593,11,147.599,11,147.604,2,147.605,18,147.607,11,147.557,2,147.556,3,147.553,4,147.552,4,147.551,10,147.546,11,147.544,25,147.541,17,147.54,3,147.539,7
1715176706726,1715176706724,GATE,ETHUSDT,3031.6,16.61,3031.65,2.35,3031.7,7.98,3031.75,29.57,3031.8,15.22,3031.85,3.76,3031.9,5.5,3031.95,10,3032,7.2,3032.05,7.35,3031.55,7.67,3031.5,0.01,3031.45,4.14,3031.4,17.41,3031.35,1.85,3031.3,5.14,3031.2,0.03,3031.15,5.5,3031.1,21.68,3031.05,1.13
1715176706750,1715176706764,GATE,BNBUSDT,586,7.324,586.05,3.636,586.1,4.624,586.15,8.205,586.2,20.466,586.25,9.455,586.3,6.594,586.35,17.026,586.4,22.421,586.45,23.1,585.95,6.085,585.9,8.398,585.85,6.882,585.8,8.804,585.75,18.506,585.7,12.685,585.65,10.712,585.6,9.745,585.55,14.09,585.5,28.809
1715176706774,1715176706767,GATE,SOLUSDT,147.557,4,147.558,1,147.57,2,147.571,2,147.572,3,147.573,16,147.574,15,147.576,2,147.59,27,147.592,4,147.556,3,147.552,2,147.551,10,147.544,9,147.543,3,147.541,17,147.54,3,147.538,11,147.53,19,147.529,11
1715176706789,1715176706788,GATE,ETHUSDT,3031.6,29.18,3031.65,2.35,3031.7,7.98,3031.75,9.2,3031.8,15.22,3031.85,3.76,3031.9,5.5,3031.95,11.24,3032,19.56,3032.05,7.2,3031.55,11.07,3031.5,0.01,3031.45,4.14,3031.4,18.07,3031.35,7.35,3031.3,5.14,3031.2,4.37,3031.15,11.79,3031.1,21.68,3031.05,12.92
1715176706861,1715176706856,GATE,SOLUSDT,147.557,6,147.57,2,147.571,2,147.572,3,147.573,16,147.574,15,147.576,2,147.584,4,147.59,27,147.593,11,147.556,3,147.552,2,147.551,10,147.544,25,147.543,3,147.541,17,147.54,3,147.538,11,147.53,19,147.529,11
1715176706826,1715176706866,GATE,BNBUSDT,586,6.664,586.05,3.636,586.1,9.124,586.15,8.205,586.2,20.466,586.25,9.455,586.3,6.594,586.35,17.026,586.4,22.421,586.45,23.1,585.95,6.085,585.9,8.398,585.85,6.882,585.8,8.804,585.75,18.506,585.7,12.685,585.65,10.712,585.6,9.745,585.55,14.09,585.5,28.809
1715176706899,1715176706898,GATE,ETHUSDT,3031.6,36.77,3031.65,2.35,3031.7,7.98,3031.75,9.2,3031.8,15.22,3031.85,3.76,3031.9,5.5,3031.95,11.24,3032,19.56,3032.05,7.2,3031.55,18.76,3031.5,0.01,3031.45,4.14,3031.4,9.5,3031.35,7.35,3031.3,5.14,3031.25,0.05,3031.2,4.34,3031.15,11.79,3031.1,21.68
1715176706884,1715176706962,GATE,BNBUSDT,586,5.153,586.05,3.636,586.1,9.124,586.15,8.205,586.2,20.466,586.25,9.455,586.3,6.594,586.35,17.026,586.4,22.421,586.45,23.1,585.95,6.085,585.9,8.398,585.85,6.882,585.8,8.804,585.75,18.506,585.7,12.685,585.65,10.712,585.6,9.745,585.55,14.09,585.5,28.809
1715176706969,1715176706964,GATE,SOLUSDT,147.557,4,147.573,12,147.574,15,147.576,2,147.59,27,147.593,11,147.599,11,147.606,12,147.607,14,147.608,2,147.556,3,147.55,2,147.549,4,147.544,25,147.543,3,147.541,17,147.54,3,147.538,11,147.53,19,147.529,11
1715176706989,1715176706986,GATE,ETHUSDT,3031.6,36.63,3031.65,2.35,3031.7,7.98,3031.75,9.2,3031.8,15.22,3031.95,11.24,3032,19.56,3032.05,7.2,3032.1,7.64,3032.15,7.2,3031.55,27.37,3031.5,0.01,3031.45,4.14,3031.35,7.35,3031.3,5.14,3031.25,0.05,3031.2,4.34,3031.15,11.79,3031.1,21.68,3031.05,12.95
1715176707064,1715176707058,GATE,SOLUSDT,147.557,4,147.573,4,147.574,15,147.59,27,147.593,11,147.598,14,147.599,21,147.607,14,147.608,2,147.609,2,147.556,3,147.55,2,147.549,4,147.544,25,147.543,3,147.541,17,147.54,3,147.538,11,147.53,19,147.529,11
1715176707065,1715176707064,GATE,BNBUSDT,586,4.782,586.05,6.059,586.1,9.124,586.15,8.205,586.2,20.466,586.25,9.455,586.3,6.594,586.35,17.026,586.4,22.421,586.45,35.039,585.95,6.085,585.9,8.398,585.85,6.882,585.8,8.804,585.75,18.506,585.7,12.685,585.65,10.712,585.6,9.745,585.55,14.09,585.5,21.976
1715176707098,1715176707095,GATE,ETHUSDT,3031.8,5.82,3032,12.36,3032.1,2.2,3032.2,0.01,3032.3,0.31,3032.35,1.39,3032.4,1,3032.45,13.71,3032.5,19.88,3032.6,0.03,3031.65,0.23,3031.6,20.88,3031.55,51.93,3031.5,12.47,3031.45,4.14,3031.4,0.66,3031.35,7.35,3031.3,16.26,3031.25,0.71,3031.2,4.34
1715176707154,1715176707169,GATE,BNBUSDT,586,0.579,586.05,3.636,586.1,2.14,586.15,10.399,586.2,20.364,586.25,9.455,586.3,6.594,586.35,17.026,586.4,22.421,586.45,35.039,585.95,6.085,585.9,8.398,585.85,6.882,585.8,8.804,585.75,18.506,585.7,12.685,585.65,10.712,585.6,9.745,585.55,14.09,585.5,21.976
1715176707182,1715176707177,GATE,SOLUSDT,147.59,3,147.591,2,147.592,17,147.593,26,147.607,14,147.608,2,147.615,11,147.62,13,147.621,8,147.623,11,147.562,2,147.561,7,147.56,7,147.558,3,147.557,4,147.556,30,147.548,11,147.544,25,147.543,3,147.542,2
1715176707192,1715176707192,GATE,ETHUSDT,3031.8,7.97,3031.95,7.46,3032,12.36,3032.1,2.2,3032.3,0.31,3032.35,0.63,3032.4,1,3032.45,8.75,3032.5,14.36,3032.55,3.33,3031.75,51.22,3031.7,3.57,3031.65,7.2,3031.6,12.25,3031.55,29.83,3031.5,12.49,3031.4,4.86,3031.35,7.35,3031.3,32.79,3031.25,0.66
1715176707261,1715176707257,GATE,BNBUSDT,586,0.579,586.05,3.636,586.1,2.14,586.15,2.049,586.2,15.262,586.25,9.455,586.3,8.955,586.35,17.026,586.4,22.421,586.45,23.1,585.95,6.085,585.9,8.398,585.85,6.882,585.8,8.804,585.75,18.506,585.7,12.685,585.65,10.712,585.6,9.745,585.55,14.09,585.5,21.976
1715176707272,1715176707268,GATE,SOLUSDT,147.588,1,147.592,7,147.593,11,147.608,2,147.615,11,147.62,13,147.621,8,147.622,5,147.623,11,147.625,16,147.573,1,147.572,3,147.57,3,147.566,2,147.565,6,147.564,16,147.563,14,147.56,4,147.558,3,147.557,4
1715176707287,1715176707286,GATE,ETHUSDT,3031.8,0.79,3031.95,7.49,3032,12.36,3032.1,1,3032.3,0.31,3032.35,0.65,3032.4,1,3032.45,9.15,3032.5,14.36,3032.55,3.33,3031.75,57.51,3031.7,3.57,3031.65,7.2,3031.6,12.25,3031.55,29.83,3031.5,12.49,3031.4,4.86,3031.35,7.38,3031.3,32.79,3031.25,0.66
1715176707333,1715176707367,GATE,BNBUSDT,586,0.579,586.05,3.636,586.1,2.134,586.15,11.254,586.2,20.367,586.25,9.455,586.3,8.955,586.35,17.026,586.4,22.421,586.45,23.1,585.95,6.085,585.9,8.398,585.85,6.882,585.8,8.804,585.75,18.506,585.7,12.685,585.65,10.712,585.6,9.745,585.55,14.09,585.5,22.83
1715176707371,1715176707376,GATE,SOLUSDT,147.578,4,147.588,1,147.592,15,147.593,11,147.595,17,147.603,13,147.604,11,147.608,2,147.615,11,147.62,13,147.577,4,147.575,1,147.573,2,147.572,3,147.57,4,147.565,4,147.564,5,147.563,15,147.558,3,147.557,4
1715176707392,1715176707391,GATE,ETHUSDT,3031.8,15.59,3031.9,0.01,3031.95,7.49,3032,12.36,3032.05,6.37,3032.1,1,3032.2,0.02,3032.3,0.31,3032.35,3.83,3032.4,6.5,3031.75,36.76,3031.7,2.91,3031.6,5.05,3031.55,17.13,3031.5,12.47,3031.4,4.86,3031.35,7.38,3031.3,32.79,3031.25,0.66,3031.2,10.63
1715176707457,1715176707452,GATE,SOLUSDT,147.578,4,147.588,1,147.592,15,147.593,11,147.595,17,147.598,4,147.604,11,147.608,2,147.614,16,147.615,11,147.577,2,147.575,3,147.573,2,147.572,3,147.57,4,147.565,4,147.564,2,147.563,15,147.558,3,147.557,4
1715176707431,1715176707460,GATE,BNBUSDT,586,0.579,586.05,3.636,586.1,0.134,586.15,13.254,586.2,20.367,586.25,9.455,586.3,8.955,586.35,8.467,586.4,15.598,586.45,29.923,585.95,6.085,585.9,8.398,585.85,6.882,585.8,8.804,585.75,18.506,585.7,12.685,585.65,10.712,585.6,9.745,585.55,14.09,585.5,22.83
1715176707482,1715176707485,GATE,ETHUSDT,3031.8,27.94,3031.9,0.01,3031.95,7.49,3032,12.36,3032.05,6.37,3032.1,1,3032.2,5.5,3032.3,0.31,3032.35,3.83,3032.4,6.5,3031.75,27.14,3031.7,0.32,3031.6,5.05,3031.55,16.47,3031.5,12.47,3031.45,0.05,3031.4,4.86,3031.35,7.38,3031.3,24.16,3031.25,0.66
1715176707516,1715176707561,GATE,BNBUSDT,586,0.579,586.05,3.636,586.1,2.134,586.15,11.254,586.2,20.367,586.25,9.455,586.3,8.955,586.35,8.467,586.4,15.598,586.45,29.923,585.95,6.085,585.9,8.398,585.85,6.882,585.8,8.804,585.75,18.506,585.7,12.685,585.65,10.712,585.6,9.745,585.55,14.09,585.5,22.83
1715176707552,1715176707561,GATE,SOLUSDT,147.575,1,147.592,23,147.593,11,147.595,17,147.603,7,147.604,11,147.608,2,147.615,11,147.617,1,147.618,5,147.572,3,147.566,2,147.565,4,147.557,1,147.556,18,147.548,11,147.545,1,147.543,1,147.542,2,147.541,17
1715176707594,1715176707595,GATE,ETHUSDT,3031.8,35.14,3031.9,0.01,3031.95,7.56,3032,12.36,3032.05,6.37,3032.1,1,3032.15,3.38,3032.2,5.52,3032.3,0.31,3032.35,3.83,3031.75,19.65,3031.7,0.32,3031.65,7.91,3031.6,5.05,3031.55,23.67,3031.5,12.47,3031.45,0.05,3031.4,4.86,3031.35,7.35,3031.3,24.16
1715176707649,1715176707651,GATE,SOLUSDT,147.575,1,147.591,2,147.592,23,147.593,11,147.595,17,147.601,4,147.603,10,147.604,11,147.608,2,147.615,11,147.573,3,147.572,3,147.566,4,147.565,4,147.557,1,147.556,18,147.552,17,147.548,11,147.545,1,147.543,1
1715176707696,1715176707695,GATE,ETHUSDT,3031.8,35.12,3031.9,0.01,3031.95,7.49,3032,12.36,3032.05,6.37,3032.1,1,3032.3,0.31,3032.35,3.83,3032.4,6.5,3032.45,9.15,3031.75,29.39,3031.7,0.32,3031.6,5.05,3031.55,16.47,3031.5,12.47,3031.4,4.86,3031.35,7.35,3031.3,24.16,3031.25,0.66,3031.2,10.63
1715176707777,1715176707772,GATE,SOLUSDT,147.574,21,147.575,1,147.591,2,147.592,23,147.593,11,147.601,4,147.603,10,147.604,11,147.607,5,147.608,2,147.572,3,147.566,2,147.565,4,147.557,1,147.556,18,147.552,17,147.548,11,147.545,1,147.542,2,147.541,17
1715176707803,1715176707793,GATE,ETHUSDT,3031.8,35.19,3031.9,0.01,3031.95,7.49,3032,12.36,3032.05,6.37,3032.1,1,3032.2,0.02,3032.3,0.31,3032.35,3.83,3032.4,6.5,3031.75,28.85,3031.7,0.32,3031.6,5.05,3031.55,16.47,3031.5,15.12,3031.4,4.2,3031.35,7.35,3031.3,24.16,3031.25,9.19,3031.2,15.6
1715176707836,1715176707856,GATE,BNBUSDT,586,0.579,586.05,3.636,586.1,2.134,586.15,11.254,586.2,20.367,586.25,9.455,586.3,8.955,586.35,8.467,586.4,15.598,586.45,29.923,585.95,6.085,585.9,8.398,585.85,6.882,585.8,8.804,585.75,18.506,585.7,12.685,585.65,10.712,585.6,9.745,585.55,14.09,585.5,22.83
1715176707859,1715176707862,GATE,SOLUSDT,147.56,4,147.566,3,147.571,23,147.572,2,147.574,17,147.59,11,147.591,2,147.593,11,147.6,11,147.601,5,147.557,2,147.556,18,147.544,4,147.542,3,147.541,17,147.54,3,147.539,10,147.536,5,147.535,5,147.534,5
1715176707892,1715176707886,GATE,ETHUSDT,3031.75,52.52,3031.8,22.5,3031.9,0.01,3031.95,13.33,3032,23.61,3032.05,6.37,3032.1,1,3032.15,3.34,3032.2,5.5,3032.3,0.31,3031.7,1.73,3031.65,17.41,3031.6,0.06,3031.55,10.97,3031.5,15.12,3031.4,4.25,3031.35,1.85,3031.3,17.66,3031.25,6.95,3031.2,15.6
1715176707939,1715176707966,GATE,SOLUSDT,147.57,3,147.571,23,147.572,2,147.574,17,147.59,11,147.591,2,147.593,11,147.6,11,147.601,5,147.603,10,147.557,3,147.556,18,147.544,4,147.543,4,147.542,3,147.541,28,147.54,3,147.538,17,147.535,5,147.534,5
1715176707981,1715176707992,GATE,ETHUSDT,3031.75,55.45,3031.8,16.85,3031.9,0.01,3031.95,13.33,3032,23.63,3032.05,6.37,3032.1,1,3032.15,3.34,3032.2,5.52,3032.3,0.31,3031.7,10.46,3031.65,7.91,3031.6,0.06,3031.55,10.97,3031.5,15.12,3031.4,0.05,3031.35,1.85,3031.3,21.86,3031.25,7,3031.2,15.6
1715176708051,1715176708057,GATE,SOLUSDT,147.568,5,147.569,2,147.571,23,147.572,2,147.574,17,147.59,11,147.591,2,147.593,11,147.599,10,147.6,10,147.557,1,147.556,18,147.544,4,147.543,4,147.542,3,147.541,28,147.54,3,147.538,17,147.535,5,147.534,5
1715176708101,1715176708096,GATE,ETHUSDT,3031.75,63.04,3031.8,16.85,3031.9,0.01,3031.95,13.33,3032,23.63,3032.05,6.37,3032.1,1,3032.15,3.34,3032.2,5.5,3032.3,0.31,3031.7,14.06,3031.65,7.91,3031.6,0.06,3031.55,10.97,3031.5,15.12,3031.4,0.05,3031.35,1.85,3031.3,21.86,3031.25,7,3031.2,22.1
1715176708169,1715176708176,GATE,SOLUSDT,147.568,3,147.571,23,147.572,2,147.574,17,147.59,11,147.591,2,147.592,7,147.593,11,147.598,14,147.599,10,147.557,1,147.556,18,147.544,4,147.543,4,147.542,3,147.541,28,147.54,3,147.538,17,147.535,5,147.534,5
1715176708113,1715176708177,GATE,BNBUSDT,586,0.579,586.05,3.636,586.1,2.134,586.15,11.254,586.2,20.367,586.25,9.455,586.3,8.955,586.35,8.467,586.4,15.598,586.45,29.923,585.95,6.085,585.9,8.398,585.85,6.882,585.8,8.804,585.75,18.506,585.7,12.685,585.65,10.712,585.6,9.745,585.55,14.09,585.5,22.83
1715176708189,1715176708183,GATE,ETHUSDT,3031.75,63.3,3031.8,16.85,3031.9,0.01,3031.95,13.33,3032,23.63,3032.05,6.37,3032.1,1,3032.15,3.34,3032.2,5.5,3032.3,0.31,3031.7,22.27,3031.6,0.06,3031.55,10.97,3031.5,15.12,3031.45,0.66,3031.35,2.51,3031.3,21.86,3031.25,6.95,3031.2,22.1,3031.15,9.77
1715176708251,1715176708257,GATE,BNBUSDT,586,0.579,586.05,5.871,586.1,4.703,586.15,11.254,586.2,20.367,586.25,9.455,586.3,8.955,586.35,8.467,586.4,15.598,586.45,29.923,585.95,6.085,585.9,8.398,585.85,6.882,585.8,8.804,585.75,18.506,585.7,12.685,585.65,10.712,585.6,9.745,585.55,14.09,585.5,29.663
1715176708265,1715176708258,GATE,SOLUSDT,147.558,4,147.568,1,147.571,25,147.574,17,147.589,5,147.59,11,147.592,7,147.593,11,147.598,14,147.599,10,147.557,1,147.556,20,147.544,4,147.543,4,147.542,3,147.541,17,147.54,3,147.538,17,147.529,11,147.525,2
1715176708296,1715176708291,GATE,ETHUSDT,3031.75,63.75,3031.8,16.85,3031.9,0.01,3031.95,13.33,3032,23.63,3032.05,6.37,3032.1,3.65,3032.2,0.02,3032.3,0.31,3032.35,3.83,3031.7,19.26,3031.6,0.06,3031.55,10.97,3031.5,12.47,3031.45,0.66,3031.4,0.05,3031.35,2.51,3031.3,32.71,3031.25,7,3031.2,19.78
1715176708278,1715176708360,GATE,BNBUSDT,586,0.579,586.05,5.877,586.1,4.703,586.15,11.248,586.2,20.367,586.25,9.455,586.3,8.955,586.35,8.467,586.4,15.598,586.45,29.923,585.95,6.085,585.9,8.398,585.85,6.882,585.8,8.804,585.75,18.506,585.7,12.685,585.65,10.712,585.6,9.745,585.55,14.09,585.5,29.663
1715176708361,1715176708361,GATE,SOLUSDT,147.565,2,147.566,1,147.571,23,147.574,17,147.59,11,147.591,5,147.592,7,147.593,11,147.598,14,147.599,10,147.557,5,147.556,18,147.544,4,147.543,4,147.542,3,147.541,17,147.54,3,147.538,17,147.529,11,147.525,2
1715176708388,1715176708398,GATE,ETHUSDT,3031.75,63.75,3031.8,9.4,3031.9,0.01,3031.95,13.33,3032,23.63,3032.05,6.37,3032.1,3.65,3032.3,0.31,3032.35,3.83,3032.4,6.5,3031.7,19.39,3031.6,0.06,3031.55,10.97,3031.5,12.47,3031.4,0.05,3031.35,2.51,3031.3,32.71,3031.25,6.95,3031.2,14.81,3031.15,9.77
1715176708453,1715176708458,GATE,SOLUSDT,147.558,4,147.564,1,147.571,23,147.574,17,147.59,11,147.591,5,147.592,7,147.593,11,147.598,14,147.599,10,147.557,3,147.556,18,147.544,4,147.543,4,147.542,3,147.541,17,147.54,3,147.538,17,147.529,11,147.525,7
1715176708469,1715176708493,GATE,ETHUSDT,3031.75,63.75,3031.8,9.4,3031.9,0.01,3031.95,13.33,3032,23.63,3032.05,6.37,3032.1,3.65,3032.2,0.02,3032.3,0.31,3032.35,3.83,3031.7,19.2,3031.6,0.06,3031.55,10.97,3031.5,12.47,3031.4,0.05,3031.35,2.51,3031.3,32.71,3031.25,6.95,3031.2,14.91,3031.15,9.67
1715176708563,1715176708561,GATE,SOLUSDT,147.557,6,147.564,13,147.565,11,147.571,23,147.574,28,147.582,7,147.59,11,147.591,5,147.592,7,147.593,11,147.556,15,147.544,4,147.543,4,147.542,3,147.541,17,147.54,3,147.525,7,147.524,4,147.523,1,147.522,117
1715176708564,1715176708561,GATE,BNBUSDT,586,3.829,586.05,5.877,586.1,4.703,586.15,11.248,586.2,20.367,586.25,9.455,586.3,8.955,586.35,8.467,586.4,15.598,586.45,29.923,585.95,6.085,585.9,8.398,585.85,6.882,585.8,8.804,585.75,18.506,585.7,12.685,585.65,10.712,585.6,9.745,585.55,14.09,585.5,29.663
1715176708592,1715176708595,GATE,ETHUSDT,3031.7,37.4,3031.75,57.39,3031.8,2.2,3031.9,0.01,3031.95,13.33,3032,23.63,3032.05,6.37,3032.1,3.65,3032.15,5.5,3032.3,0.31,3031.65,17.41,3031.55,4.94,3031.5,12.47,3031.35,1.85,3031.3,16.72,3031.25,6.29,3031.2,10.63,3031.15,9.77,3031.1,21.68,3031.05,0.66
1715176708664,1715176708663,GATE,BNBUSDT,586,6.271,586.05,6.381,586.1,7.243,586.15,13.368,586.2,20.367,586.25,9.455,586.3,8.955,586.35,8.467,586.4,22.421,586.45,23.1,585.95,2.835,585.9,8.398,585.85,6.882,585.8,8.804,585.75,18.506,585.7,12.685,585.65,10.712,585.6,9.745,585.55,14.09,585.5,29.663
1715176708666,1715176708669,GATE,SOLUSDT,147.529,4,147.541,5,147.542,2,147.543,12,147.545,14,147.556,6,147.561,10,147.564,13,147.565,11,147.569,10,147.528,2,147.527,4,147.526,1,147.524,7,147.522,9,147.511,15,147.509,2,147.508,3,147.502,1,147.5,1
1715176708695,1715176708691,GATE,ETHUSDT,3031.6,7.08,3031.65,33.35,3031.7,51.06,3031.75,36.49,3031.8,2.2,3031.9,5.51,3031.95,13.35,3032,23.61,3032.1,6.96,3032.15,5.5,3031.5,12.47,3031.4,17.41,3031.35,1.85,3031.3,11.12,3031.25,6.29,3031.2,6.43,3031.15,0.03,3031.1,21.78,3031.05,4.8,3031,1.73
1715176708747,1715176708753,GATE,BNBUSDT,586,6.774,586.05,6.381,586.1,7.243,586.15,13.368,586.2,20.367,586.25,9.455,586.3,8.955,586.35,8.467,586.4,22.421,586.45,23.1,585.95,2.835,585.9,8.398,585.85,6.882,585.8,8.804,585.75,18.506,585.7,12.685,585.65,10.712,585.6,9.745,585.55,14.09,585.5,29.663
1715176708775,1715176708776,GATE,SOLUSDT,147.538,3,147.539,2,147.542,2,147.543,12,147.545,14,147.555,5,147.556,6,147.561,10,147.564,13,147.565,11,147.527,2,147.526,3,147.525,4,147.524,4,147.522,9,147.512,4,147.511,15,147.51,11,147.508,3,147.5,11
1715176708795,1715176708788,GATE,ETHUSDT,3031.55,59.77,3031.6,15.46,3031.65,24.78,3031.7,20.08,3031.75,13.68,3031.8,2.2,3031.85,3.4,3031.9,5.51,3031.95,13.33,3032,23.61,3031.5,12.54,3031.4,17.41,3031.35,1.5,3031.3,11.48,3031.25,6.29,3031.2,0.14,3031.1,21.14,3031.05,4.83,3031,1.73,3030.95,4.97
1715176708858,1715176708855,GATE,SOLUSDT,147.536,1,147.537,4,147.542,2,147.543,12,147.545,14,147.555,5,147.556,6,147.561,10,147.564,13,147.565,11,147.529,2,147.528,3,147.524,4,147.512,4,147.511,15,147.51,11,147.508,3,147.502,4,147.5,11,147.499,5
1715176708836,1715176708875,GATE,BNBUSDT,586,3.829,586.05,10.137,586.1,11.743,586.15,13.368,586.2,20.367,586.25,9.455,586.3,8.955,586.35,8.467,586.4,22.421,586.45,23.1,585.95,6.085,585.9,8.398,585.85,6.882,585.8,8.804,585.75,18.506,585.7,12.685,585.65,10.712,585.6,9.745,585.55,14.09,585.5,29.663
1715176708892,1715176708893,GATE,ETHUSDT,3031.55,47.42,3031.6,15.31,3031.65,24.78,3031.7,15.76,3031.75,13.68,3031.8,2.22,3031.85,3.4,3031.9,5.51,3031.95,13.33,3032,23.61,3031.5,31.26,3031.35,1.5,3031.3,11.48,3031.25,6.29,3031.2,0.14,3031.15,2.06,3031.05,4.8,3031,1.73,3030.95,4.97,3030.9,8.86
1715176708896,1715176708956,GATE,BNBUSDT,586,3.829,586.05,10.131,586.1,11.743,586.15,13.368,586.2,20.367,586.25,9.455,586.3,8.955,586.35,8.467,586.4,22.421,586.45,23.1,585.95,6.085,585.9,8.398,585.85,6.882,585.8,8.804,585.75,18.506,585.7,12.685,585.65,10.712,585.6,9.745,585.55,14.09,585.5,29.663
1715176708958,1715176708961,GATE,SOLUSDT,147.536,1,147.537,4,147.542,2,147.543,12,147.545,14,147.555,5,147.556,6,147.561,10,147.564,13,147.565,11,147.53,3,147.529,2,147.524,4,147.512,4,147.511,15,147.51,11,147.508,3,147.502,4,147.5,11,147.499,5
1715176708981,1715176708993,GATE,ETHUSDT,3031.55,47.57,3031.6,15.31,3031.65,24.78,3031.7,15.76,3031.75,13.68,3031.8,2.2,3031.85,3.4,3031.9,5.51,3031.95,13.33,3032,23.61,3031.5,29.95,3031.35,1.5,3031.3,11.48,3031.25,6.29,3031.2,0.14,3031.15,2.06,3031.05,4.8,3031,1.73,3030.95,4.97,3030.9,8.86
1715176709057,1715176709062,GATE,SOLUSDT,147.536,1,147.537,4,147.542,2,147.543,12,147.545,14,147.555,5,147.556,6,147.561,10,147.564,13,147.565,11,147.53,3,147.529,2,147.524,4,147.512,4,147.511,15,147.51,11,147.508,3,147.502,4,147.5,11,147.499,5
1715176709097,1715176709091,GATE,ETHUSDT,3031.55,53.07,3031.6,15.31,3031.65,24.78,3031.7,15.77,3031.75,13.68,3031.8,2.22,3031.85,3.4,3031.9,5.5,3031.95,13.33,3032,23.61,3031.5,30.02,3031.35,1.5,3031.3,11.48,3031.25,6.29,3031.2,0.14,3031.15,2.06,3031.05,4.8,3031,1.73,3030.95,4.97,3030.9,8.86
1715176709157,1715176709156,GATE,SOLUSDT,147.536,1,147.543,12,147.545,14,147.555,5,147.556,6,147.561,10,147.564,13,147.565,11,147.568,1,147.571,7,147.53,3,147.529,2,147.524,4,147.512,4,147.511,15,147.51,11,147.508,3,147.502,4,147.5,11,147.499,5
1715176709159,1715176709165,GATE,BNBUSDT,586,3.829,586.05,10.131,586.1,11.743,586.15,13.368,586.2,20.367,586.25,9.455,586.3,8.955,586.35,8.467,586.4,22.421,586.45,23.1,585.95,6.085,585.9,8.398,585.85,6.882,585.8,8.804,585.75,18.506,585.7,12.685,585.65,10.712,585.6,9.745,585.55,14.09,585.5,29.663
1715176709205,1715176709195,GATE,ETHUSDT,3031.55,53.07,3031.6,15.31,3031.65,24.78,3031.7,15.77,3031.75,13.68,3031.8,2.22,3031.85,3.4,3031.9,5.52,3031.95,13.33,3032,23.61,3031.5,30.24,3031.35,1.5,3031.3,11.48,3031.25,6.29,3031.2,0.15,3031.05,4.8,3031,1.73,3030.95,4.97,3030.9,8.86,3030.85,5.5
1715176709258,1715176709267,GATE,SOLUSDT,147.536,1,147.543,12,147.545,14,147.555,5,147.556,5,147.561,10,147.564,13,147.565,11,147.568,1,147.571,7,147.53,3,147.529,2,147.524,4,147.512,4,147.511,15,147.51,11,147.508,3,147.502,4,147.5,11,147.499,5
1715176709298,1715176709294,GATE,ETHUSDT,3031.55,47.57,3031.6,15.31,3031.65,19.28,3031.7,15.77,3031.75,13.68,3031.8,2.2,3031.9,0.02,3031.95,13.33,3032,23.61,3032.1,6.96,3031.5,32.29,3031.35,1.5,3031.3,11.48,3031.25,6.29,3031.2,0.15,3031.15,4.86,3031.1,5.5,3031.05,4.8,3031,8.23,3030.95,6.37
1715176709370,1715176709364,GATE,SOLUSDT,147.531,4,147.536,1,147.543,12,147.545,14,147.554,11,147.555,16,147.556,5,147.561,10,147.564,13,147.565,11,147.525,2,147.524,4,147.512,4,147.511,15,147.508,3,147.502,4,147.5,11,147.498,11,147.497,23,147.496,16
1715176709392,1715176709387,GATE,ETHUSDT,3031.55,46.93,3031.6,15.31,3031.65,19.28,3031.7,15.77,3031.75,5.7,3031.8,2.2,3031.95,13.33,3032,23.61,3032.1,6.96,3032.15,5.5,3031.5,32.82,3031.35,1.5,3031.3,11.48,3031.25,6.29,3031.2,0.15,3031.15,4.2,3031.1,5.5,3031.05,4.8,3031,8.33,3030.95,6.27
1715176709463,1715176709456,GATE,SOLUSDT,147.526,6,147.53,1,147.543,12,147.545,14,147.554,11,147.555,16,147.556,5,147.561,10,147.564,13,147.565,11,147.525,4,147.524,4,147.512,4,147.511,15,147.508,3,147.502,4,147.5,11,147.498,11,147.497,23,147.496,16
1715176709474,1715176709486,GATE,ETHUSDT,3031.55,46.93,3031.6,15.31,3031.65,19.28,3031.7,15.77,3031.75,5.7,3031.8,2.22,3031.9,3.44,3031.95,18.83,3032,23.61,3032.1,6.96,3031.5,30.68,3031.35,1.5,3031.3,11.48,3031.25,6.29,3031.2,0.15,3031.15,4.2,3031.1,5.5,3031.05,4.8,3031,8.33,3030.95,6.27
1715176709537,1715176709553,GATE,SOLUSDT,147.53,3,147.543,12,147.545,14,147.555,5,147.556,5,147.561,10,147.564,13,147.565,11,147.568,1,147.569,10,147.526,1,147.525,2,147.524,4,147.512,4,147.511,15,147.509,11,147.508,3,147.502,4,147.5,11,147.498,11
1715176709599,1715176709592,GATE,ETHUSDT,3031.55,46.6,3031.6,15.31,3031.65,19.28,3031.7,15.76,3031.75,5.7,3031.8,2.2,3031.9,3.42,3031.95,18.83,3032,23.61,3032.1,6.96,3031.5,31.53,3031.35,1.5,3031.3,11.12,3031.25,6.29,3031.2,0.15,3031.15,4.2,3031.1,5.5,3031.05,4.8,3031,12.67,3030.95,6.27
1715176709661,1715176709668,GATE,SOLUSDT,147.53,1,147.543,12,147.545,14,147.555,5,147.556,5,147.561,10,147.564,13,147.565,11,147.568,6,147.569,10,147.526,1,147.525,2,147.524,4,147.512,4,147.511,15,147.509,11,147.508,3,147.502,4,147.501,5,147.5,11
1715176709699,1715176709693,GATE,ETHUSDT,3031.55,40.75,3031.6,19.63,3031.65,7.2,3031.7,15.77,3031.75,5.7,3031.8,2.2,3031.9,3.44,3031.95,18.83,3032,23.61,3032.1,6.96,3031.5,31.21,3031.35,1.5,3031.3,11.12,3031.25,6.29,3031.2,0.15,3031.15,4.2,3031.1,5.5,3031.05,0.66,3031,12.67,3030.95,6.27
1715176709708,1715176709755,GATE,SOLUSDT,147.53,1,147.543,12,147.545,14,147.555,5,147.556,5,147.561,10,147.564,13,147.565,11,147.568,6,147.569,10,147.526,1,147.525,2,147.524,4,147.512,4,147.511,15,147.509,11,147.508,3,147.502,4,147.501,5,147.5,11
1715176709752,1715176709760,GATE,BNBUSDT,586,3.829,586.05,10.131,586.1,11.743,586.15,17.868,586.2,20.367,586.25,9.455,586.3,8.955,586.35,8.467,586.4,22.421,586.45,23.1,585.95,6.085,585.9,8.398,585.85,6.882,585.8,8.804,585.75,18.506,585.7,12.685,585.65,10.712,585.6,9.745,585.55,14.09,585.5,26.115
1715176709781,1715176709785,GATE,ETHUSDT,3031.55,45.92,3031.6,15.31,3031.65,16.7,3031.7,15.77,3031.75,5.7,3031.8,2.2,3031.9,3.44,3031.95,18.83,3032,23.61,3032.1,6.96,3031.5,32.5,3031.35,1.5,3031.3,11.12,3031.25,6.29,3031.2,10.15,3031.15,4.2,3031.1,5.5,3031.05,0.66,3031,12.67,3030.95,6.27
1715176709848,1715176709863,GATE,SOLUSDT,147.529,2,147.542,3,147.543,12,147.545,14,147.555,5,147.556,5,147.561,10,147.564,13,147.565,11,147.568,6,147.526,1,147.525,2,147.524,4,147.512,4,147.511,15,147.509,11,147.508,3,147.502,4,147.501,5,147.5,11
1715176709896,1715176709890,GATE,ETHUSDT,3031.55,51.7,3031.6,15.31,3031.65,16.7,3031.7,15.77,3031.75,5.7,3031.8,2.22,3031.9,3.42,3031.95,18.83,3032,23.61,3032.1,6.96,3031.5,32.58,3031.35,1.59,3031.3,11.12,3031.25,6.95,3031.2,10.15,3031.15,11.36,3031.1,5.5,3031.05,0.66,3031,10.35,3030.95,6.27
1715176709939,1715176709953,GATE,SOLUSDT,147.529,2,147.542,3,147.543,12,147.545,14,147.555,5,147.556,5,147.561,10,147.564,13,147.565,11,147.568,6,147.526,1,147.525,2,147.524,4,147.512,4,147.511,15,147.509,11,147.508,6,147.502,4,147.501,5,147.5,11
1715176709882,1715176709959,GATE,BNBUSDT,586,3.829,586.05,10.131,586.1,11.743,586.15,17.868,586.2,20.367,586.25,9.455,586.3,8.955,586.35,8.467,586.4,22.421,586.45,23.1,585.95,6.085,585.9,8.398,585.85,6.882,585.8,8.804,585.75,18.506,585.7,12.685,585.65,10.712,585.6,9.745,585.55,14.09,585.5,26.115
1715176709981,1715176710009,GATE,ETHUSDT,3031.55,51.7,3031.6,15.31,3031.65,16.7,3031.7,15.77,3031.75,5.7,3031.8,2.22,3031.9,3.44,3031.95,18.83,3032,23.61,3032.1,6.96,3031.5,33.54,3031.35,1.59,3031.3,11.12,3031.25,6.95,3031.2,10.15,3031.15,15.7,3031.1,5.5,3031.05,0.66,3031,6.01,3030.95,6.27
1715176710059,1715176710056,GATE,SOLUSDT,147.528,1,147.529,2,147.542,3,147.543,12,147.545,14,147.555,5,147.556,5,147.561,10,147.564,13,147.565,11,147.526,1,147.525,2,147.524,4,147.512,4,147.511,15,147.509,11,147.508,6,147.502,4,147.501,5,147.5,11
1715176710060,1715176710060,GATE,BNBUSDT,586,3.829,586.05,10.262,586.1,11.743,586.15,17.868,586.2,20.367,586.25,9.455,586.3,8.955,586.35,8.467,586.4,22.421,586.45,23.1,585.95,6.085,585.9,8.398,585.85,6.882,585.8,8.804,585.75,18.506,585.7,12.685,585.65,10.712,585.6,9.876,585.55,14.09,585.5,26.115
1715176710093,1715176710085,GATE,ETHUSDT,3031.55,51.7,3031.6,15.31,3031.65,16.7,3031.7,15.77,3031.75,5.7,3031.8,2.22,3031.9,3.42,3031.95,18.83,3032,23.61,3032.1,6.96,3031.5,33.54,3031.35,1.59,3031.3,11.12,3031.25,6.95,3031.2,10.15,3031.15,15.7,3031.1,5.5,3031.05,0.66,3031,6.01,3030.95,6.27
1715176710067,1715176710151,GATE,BNBUSDT,586,3.829,586.05,10.131,586.1,11.743,586.15,17.868,586.2,20.367,586.25,9.455,586.3,8.955,586.35,8.467,586.4,22.421,586.45,23.1,585.95,6.085,585.9,8.398,585.85,6.882,585.8,8.804,585.75,18.506,585.7,12.685,585.65,10.712,585.6,9.745,585.55,14.09,585.5,26.115
1715176710161,1715176710161,GATE,SOLUSDT,147.529,2,147.542,1,147.543,12,147.545,14,147.555,5,147.556,5,147.561,10,147.564,13,147.565,11,147.568,6,147.528,5,147.526,2,147.524,4,147.512,4,147.511,15,147.509,11,147.508,6,147.502,4,147.501,5,147.5,11
1715176710195,1715176710187,GATE,ETHUSDT,3031.55,51.7,3031.6,15.31,3031.65,16.7,3031.7,15.77,3031.75,5.7,3031.8,2.22,3031.9,3.42,3031.95,18.83,3032,23.61,3032.1,6.96,3031.5,31.58,3031.35,1.59,3031.3,11.12,3031.25,6.95,3031.2,10.15,3031.15,15.7,3031.1,5.5,3031.05,0.66,3031,6.01,3030.95,6.27
1715176710269,1715176710265,GATE,SOLUSDT,147.529,6,147.541,2,147.542,1,147.543,12,147.545,14,147.553,11,147.555,5,147.556,5,147.561,10,147.564,13,147.524,4,147.512,4,147.511,15,147.508,6,147.502,4,147.501,5,147.5,11,147.498,11,147.497,23,147.496,16
1715176710288,1715176710284,GATE,ETHUSDT,3031.55,53.93,3031.6,15.31,3031.65,16.7,3031.7,15.77,3031.75,5.7,3031.8,2.22,3031.9,3.44,3031.95,25,3032,23.61,3032.1,6.96,3031.5,18.34,3031.35,1.59,3031.25,6.29,3031.2,10.15,3031.15,10.7,3031,6.01,3030.95,6.27,3030.9,8.86,3030.85,6.16,3030.8,8.44
1715176710359,1715176710360,GATE,BNBUSDT,586,6.335,586.05,10.131,586.1,11.743,586.15,17.868,586.2,20.367,586.25,9.455,586.3,8.955,586.35,8.467,586.4,22.421,586.45,23.1,585.95,2.835,585.9,8.398,585.85,6.882,585.8,8.804,585.75,18.506,585.7,12.685,585.65,10.712,585.6,9.745,585.55,14.09,585.5,26.115
1715176710366,1715176710361,GATE,SOLUSDT,147.526,7,147.527,2,147.529,2,147.541,2,147.543,12,147.544,11,147.545,14,147.552,7,147.553,11,147.555,5,147.524,1,147.52,2,147.512,4,147.508,6,147.5,11,147.496,16,147.495,24,147.494,7,147.492,3,147.49,39
1715176710399,1715176710399,GATE,ETHUSDT,3031.3,38.55,3031.35,16.75,3031.4,21.53,3031.5,25.95,3031.55,17.31,3031.6,2.2,3031.7,8.97,3031.75,11.2,3031.8,2.2,3031.9,6.68,3031.25,17.75,3031.2,10.15,3031.15,0.35,3030.95,0.66,3030.9,6.31,3030.85,0.66,3030.8,4.26,3030.75,0.91,3030.7,10.47,3030.65,4.97
1715176710465,1715176710488,GATE,SOLUSDT,147.523,2,147.524,3,147.525,4,147.529,2,147.541,2,147.543,12,147.544,11,147.545,14,147.552,7,147.553,11,147.514,1,147.509,2,147.508,3,147.502,4,147.501,3,147.5,11,147.498,17,147.496,16,147.495,24,147.494,7
1715176710381,1715176710488,GATE,BNBUSDT,586,7.581,586.05,10.131,586.1,11.743,586.15,17.868,586.2,20.367,586.25,9.455,586.3,8.955,586.35,8.467,586.4,22.421,586.45,23.1,585.95,2.835,585.9,8.398,585.85,6.882,585.8,8.804,585.75,18.506,585.7,12.685,585.65,10.712,585.6,9.745,585.55,14.09,585.5,26.115
1715176710500,1715176710498,GATE,ETHUSDT,3031.3,38.85,3031.35,16.75,3031.4,21.23,3031.5,20.45,3031.55,17.16,3031.6,2.2,3031.7,8.96,3031.75,11.2,3031.8,2.21,3031.9,6.68,3031.25,19.33,3031.2,10.15,3030.95,0.66,3030.9,6.18,3030.85,0.66,3030.8,11.95,3030.75,0.81,3030.7,10.47,3030.65,10.37,3030.6,0.56
1715176710550,1715176710552,GATE,BNBUSDT,586,3.829,586.05,10.131,586.1,11.743,586.15,17.868,586.2,20.367,586.25,9.455,586.3,8.955,586.35,8.467,586.4,22.421,586.45,23.1,585.95,2.835,585.9,8.398,585.85,6.882,585.8,8.804,585.75,18.506,585.7,12.685,585.65,10.712,585.6,9.745,585.55,14.09,585.5,26.115
1715176710575,1715176710568,GATE,SOLUSDT,147.522,1,147.54,2,147.541,2,147.543,12,147.544,11,147.545,14,147.552,7,147.553,11,147.555,5,147.556,3,147.514,1,147.509,2,147.508,3,147.503,4,147.502,4,147.5,11,147.498,28,147.496,16,147.495,24,147.494,7
1715176710597,1715176710587,GATE,ETHUSDT,3031.3,33.5,3031.35,8.15,3031.4,14.03,3031.45,12.29,3031.5,20.45,3031.55,17.16,3031.6,2.2,3031.7,8.96,3031.75,11.2,3031.8,2.21,3031.25,20.59,3031.2,10.15,3030.95,0.66,3030.9,6.18,3030.85,0.66,3030.8,11.95,3030.75,0.81,3030.7,10.5,3030.65,10.37,3030.6,0.56
1715176710665,1715176710664,GATE,SOLUSDT,147.536,10,147.537,5,147.54,2,147.541,2,147.543,12,147.545,14,147.552,7,147.553,11,147.555,5,147.556,3,147.518,3,147.517,2,147.515,1,147.508,3,147.503,4,147.502,4,147.5,11,147.498,28,147.496,16,147.495,24
1715176710569,1715176710665,GATE,BNBUSDT,586,3.829,586.05,10.131,586.1,11.743,586.15,17.868,586.2,20.367,586.25,9.455,586.3,8.955,586.35,8.467,586.4,22.421,586.45,23.1,585.95,2.835,585.9,8.398,585.85,6.882,585.8,8.804,585.75,18.506,585.7,12.685,585.65,10.712,585.6,9.745,585.55,14.09,585.5,26.115
1715176710691,1715176710688,GATE,ETHUSDT,3031.3,33.5,3031.35,8.15,3031.4,14.03,3031.45,12.29,3031.5,20.45,3031.55,17.16,3031.6,2.2,3031.7,8.96,3031.75,11.2,3031.8,2.21,3031.25,19.63,3031.2,10.15,3030.95,0.66,3030.9,8.83,3030.85,0.66,3030.8,11.95,3030.75,0.81,3030.7,10.5,3030.65,10.37,3030.6,0.56
1715176710751,1715176710752,GATE,SOLUSDT,147.52,1,147.521,2,147.534,9,147.535,4,147.54,2,147.541,2,147.543,12,147.544,11,147.545,14,147.552,7,147.519,1,147.518,3,147.517,2,147.508,3,147.503,4,147.502,4,147.5,11,147.498,17,147.496,16,147.495,24
1715176710682,1715176710762,GATE,BNBUSDT,586,4.438,586.05,10.131,586.1,11.743,586.15,17.868,586.2,20.367,586.25,9.455,586.3,8.955,586.35,8.467,586.4,22.421,586.45,23.1,585.95,2.835,585.9,8.398,585.85,6.882,585.8,8.804,585.75,18.506,585.7,16.222,585.65,10.712,585.6,9.745,585.55,14.09,585.5,26.115
1715176710787,1715176710790,GATE,ETHUSDT,3031.3,33.5,3031.35,8.15,3031.4,14.03,3031.45,12.29,3031.5,20.45,3031.55,8.55,3031.6,2.2,3031.7,8.96,3031.75,11.2,3031.8,2.21,3031.25,20.62,3031.2,10.15,3030.95,0.66,3030.9,8.83,3030.85,0.66,3030.8,11.95,3030.75,0.81,3030.7,10.5,3030.65,10.37,3030.6,0.56
1715176710861,1715176710858,GATE,SOLUSDT,147.52,3,147.526,16,147.535,2,147.536,11,147.54,2,147.541,2,147.544,11,147.548,4,147.552,7,147.553,11,147.519,1,147.518,2,147.508,3,147.503,4,147.502,4,147.5,11,147.498,17,147.495,16,147.494,2,147.492,3
1715176710855,1715176710859,GATE,BNBUSDT,586,7.721,586.05,10.131,586.1,11.743,586.15,17.868,586.2,20.367,586.25,9.455,586.3,8.955,586.35,8.467,586.4,22.421,586.45,23.1,585.95,2.835,585.9,8.398,585.85,6.882,585.8,8.804,585.75,18.506,585.7,16.222,585.65,10.712,585.6,9.745,585.55,14.09,585.5,26.115
1715176710897,1715176710891,GATE,ETHUSDT,3031.3,39,3031.35,8.15,3031.4,14.03,3031.45,17.22,3031.5,31.19,3031.55,8.55,3031.6,2.2,3031.65,0.36,3031.7,9.65,3031.75,11.2,3031.25,11.73,3031.2,10.15,3030.9,6.18,3030.8,11.9,3030.75,0.81,3030.7,10.5,3030.65,10.37,3030.6,0.56,3030.55,41.63,3030.5,10.22
1715176710961,1715176710953,GATE,SOLUSDT,147.52,5,147.525,13,147.526,16,147.534,2,147.535,2,147.536,11,147.541,2,147.543,7,147.544,11,147.548,4,147.519,1,147.509,2,147.508,3,147.503,4,147.502,4,147.5,11,147.498,17,147.495,16,147.494,2,147.492,3
1715176710925,1715176710964,GATE,BNBUSDT,586,7.721,586.05,10.131,586.1,11.743,586.15,17.868,586.2,20.367,586.25,9.455,586.3,8.955,586.35,8.467,586.4,22.421,586.45,23.1,585.95,2.835,585.9,8.398,585.85,6.882,585.8,8.804,585.75,16.45,585.7,16.222,585.65,10.712,585.6,9.745,585.55,14.09,585.5,26.115
1715176710993,1715176710985,GATE,ETHUSDT,3031.3,33.5,3031.35,8.15,3031.4,14.03,3031.45,17.22,3031.5,31.19,3031.55,8.55,3031.6,2.2,3031.65,0.36,3031.7,9.65,3031.75,11.2,3031.25,14.4,3031.2,10.15,3030.95,0.66,3030.9,6.18,3030.85,6.16,3030.8,11.9,3030.75,0.81,3030.7,10.47,3030.65,14.56,3030.6,0.56
1715176711004,1715176711054,GATE,BNBUSDT,586,7.721,586.05,10.131,586.1,11.743,586.15,17.868,586.2,20.367,586.25,9.455,586.3,8.955,586.35,8.467,586.4,22.421,586.45,23.1,585.95,2.835,585.9,8.398,585.85,6.882,585.8,8.804,585.75,16.45,585.7,16.222,585.65,10.712,585.6,9.745,585.55,14.09,585.5,26.115
1715176711072,1715176711067,GATE,SOLUSDT,147.52,2,147.526,16,147.534,2,147.535,2,147.541,2,147.552,7,147.553,11,147.555,5,147.556,3,147.558,4,147.519,4,147.512,3,147.508,3,147.503,4,147.502,4,147.5,11,147.498,17,147.495,16,147.494,2,147.492,3
1715176711085,1715176711094,GATE,ETHUSDT,3031.3,33.5,3031.35,8.15,3031.4,8.53,3031.45,17.22,3031.5,31.19,3031.55,8.55,3031.6,2.2,3031.65,0.36,3031.7,9.65,3031.75,11.2,3031.25,14.93,3031.2,10.15,3031.05,0.66,3030.95,0.66,3030.9,9.19,3030.85,6.16,3030.8,11.9,3030.75,0.81,3030.7,10.5,3030.65,14.56
1715176711161,1715176711158,GATE,SOLUSDT,147.52,2,147.541,2,147.549,4,147.551,2,147.552,7,147.553,11,147.555,5,147.556,3,147.558,4,147.559,5,147.519,4,147.512,3,147.51,1,147.508,3,147.503,15,147.502,4,147.5,11,147.498,17,147.495,16,147.494,2
1715176711189,1715176711195,GATE,ETHUSDT,3031.3,33.5,3031.35,8.15,3031.4,8.53,3031.45,17.22,3031.5,31.19,3031.55,8.55,3031.6,2.2,3031.65,0.36,3031.7,9.65,3031.75,11.2,3031.25,14.93,3031.2,10.15,3031.05,0.66,3030.95,0.66,3030.9,6.54,3030.85,6.16,3030.8,11.9,3030.75,0.81,3030.7,10.5,3030.65,14.56
1715176711271,1715176711271,GATE,SOLUSDT,147.52,6,147.522,15,147.54,2,147.541,2,147.543,14,147.544,11,147.549,4,147.552,7,147.553,11,147.555,5,147.519,4,147.512,3,147.508,3,147.503,4,147.502,4,147.5,11,147.498,17,147.495,16,147.494,2,147.492,3
1715176711285,1715176711289,GATE,ETHUSDT,3031.3,39,3031.35,8.15,3031.4,8.53,3031.45,17.22,3031.5,31.19,3031.55,8.55,3031.6,2.2,3031.65,0.36,3031.7,9.65,3031.75,11.2,3031.25,11.8,3031.2,10.15,3030.9,6.54,3030.85,0.66,3030.8,11.9,3030.75,0.81,3030.7,10.5,3030.65,14.56,3030.6,0.56,3030.55,48.12
1715176711339,1715176711357,GATE,SOLUSDT,147.52,6,147.522,15,147.54,2,147.541,2,147.543,14,147.544,11,147.549,4,147.552,7,147.553,11,147.555,5,147.519,4,147.512,3,147.508,3,147.503,4,147.502,4,147.5,11,147.498,17,147.495,16,147.494,2,147.492,3
1715176711360,1715176711361,GATE,BNBUSDT,586,6.403,586.05,10.131,586.1,11.743,586.15,17.868,586.2,20.367,586.25,9.455,586.3,8.955,586.35,8.467,586.4,22.421,586.45,23.1,585.95,2.835,585.9,8.398,585.85,6.882,585.8,8.804,585.75,16.45,585.7,16.222,585.65,10.712,585.6,9.745,585.55,14.09,585.5,26.115
1715176711392,1715176711387,GATE,ETHUSDT,3031.3,37.99,3031.35,8.15,3031.4,8.53,3031.45,17.22,3031.5,31.19,3031.55,8.55,3031.6,2.2,3031.65,0.36,3031.7,9.65,3031.75,11.2,3031.25,12.15,3031.2,10.15,3030.9,6.54,3030.85,0.66,3030.8,11.9,3030.75,0.81,3030.7,15.47,3030.65,14.56,3030.6,0.56,3030.55,48.12
1715176711454,1715176711456,GATE,SOLUSDT,147.52,2,147.54,2,147.541,2,147.543,14,147.552,7,147.553,11,147.555,5,147.556,2,147.558,4,147.559,5,147.519,5,147.512,3,147.508,3,147.503,15,147.502,4,147.5,11,147.498,17,147.495,16,147.494,2,147.492,3
1715176711449,1715176711456,GATE,BNBUSDT,586,6.403,586.05,10.131,586.1,11.743,586.15,17.868,586.2,20.367,586.25,9.455,586.3,8.955,586.35,8.467,586.4,22.421,586.45,23.1,585.95,2.835,585.9,8.398,585.85,6.882,585.8,8.804,585.75,16.45,585.7,16.222,585.65,10.712,585.6,9.745,585.55,14.09,585.5,26.115
1715176711492,1715176711486,GATE,ETHUSDT,3031.3,32.49,3031.35,8.15,3031.4,8.53,3031.45,17.22,3031.5,31.19,3031.55,8.55,3031.6,2.2,3031.65,0.36,3031.7,9.66,3031.75,11.2,3031.25,14.93,3031.2,10.15,3031.15,0.66,3031.05,0.66,3030.95,0.66,3030.9,6.54,3030.85,6.16,3030.8,11.9,3030.75,7.3,3030.7,15.47
1715176711563,1715176711554,GATE,SOLUSDT,147.52,5,147.523,15,147.541,4,147.543,18,147.544,11,147.545,4,147.552,7,147.553,11,147.555,5,147.556,2,147.519,5,147.512,3,147.508,3,147.503,4,147.502,4,147.5,11,147.498,17,147.495,16,147.494,2,147.492,3
1715176711562,1715176711559,GATE,BNBUSDT,586,6.534,586.05,10.131,586.1,11.743,586.15,17.868,586.2,20.367,586.25,9.455,586.3,8.955,586.35,8.467,586.4,22.421,586.45,23.1,585.95,2.835,585.9,8.398,585.85,6.882,585.8,8.804,585.75,16.45,585.7,16.222,585.65,10.712,585.6,9.876,585.55,14.09,585.5,26.115
1715176711580,1715176711585,GATE,ETHUSDT,3031.3,37.99,3031.35,8.15,3031.4,15.73,3031.45,17.22,3031.5,31.19,3031.55,1.35,3031.6,2.2,3031.65,0.36,3031.7,9.66,3031.75,11.2,3031.25,13.06,3031.2,10.15,3030.9,6.54,3030.85,0.66,3030.8,11.9,3030.75,7.3,3030.7,15.47,3030.65,14.56,3030.6,0.56,3030.55,50.17
1715176711648,1715176711653,GATE,BNBUSDT,586,6.403,586.05,10.131,586.1,11.743,586.15,17.868,586.2,20.367,586.25,9.455,586.3,8.955,586.35,8.467,586.4,22.421,586.45,23.1,585.95,2.835,585.9,8.398,585.85,6.882,585.8,8.804,585.75,16.45,585.7,12.685,585.65,10.712,585.6,9.745,585.55,14.09,585.5,26.115
1715176711649,1715176711658,GATE,SOLUSDT,147.52,4,147.523,15,147.535,7,147.536,11,147.54,2,147.541,2,147.544,11,147.545,4,147.551,5,147.552,7,147.519,5,147.512,3,147.508,3,147.503,4,147.502,4,147.5,11,147.498,17,147.495,16,147.494,2,147.492,3
1715176711700,1715176711693,GATE,ETHUSDT,3031.3,44.67,3031.35,8.15,3031.4,15.73,3031.45,17.22,3031.5,31.19,3031.55,1.35,3031.6,2.2,3031.65,0.36,3031.7,9.66,3031.75,11.2,3031.25,13.06,3031.2,10.15,3030.9,9.19,3030.85,0.66,3030.8,11.9,3030.75,7.3,3030.7,15.44,3030.65,14.56,3030.6,0.56,3030.55,50.17
1715176711752,1715176711753,GATE,SOLUSDT,147.52,6,147.523,15,147.535,7,147.536,11,147.54,2,147.541,2,147.544,11,147.545,4,147.551,5,147.552,7,147.519,5,147.512,3,147.508,3,147.503,4,147.502,4,147.5,11,147.498,17,147.495,16,147.494,2,147.492,3
1715176711798,1715176711791,GATE,ETHUSDT,3031.3,44.67,3031.35,8.15,3031.4,15.73,3031.45,17.22,3031.5,31.19,3031.55,1.35,3031.6,2.2,3031.65,0.36,3031.7,9.66,3031.75,11.2,3031.25,12.07,3031.2,10.15,3030.9,9.19,3030.85,0.66,3030.8,11.9,3030.75,7.33,3030.7,10.47,3030.65,14.56,3030.6,0.56,3030.55,50.17
1715176711783,1715176711852,GATE,SOLUSDT,147.52,6,147.523,15,147.535,7,147.536,11,147.54,2,147.541,2,147.544,11,147.545,4,147.551,5,147.552,7,147.519,5,147.512,3,147.508,3,147.503,4,147.502,4,147.5,11,147.498,17,147.495,16,147.494,2,147.492,3
1715176711843,1715176711853,GATE,BNBUSDT,586,6.403,586.05,10.131,586.1,11.743,586.15,17.868,586.2,20.367,586.25,9.455,586.3,8.955,586.35,8.467,586.4,22.421,586.45,23.1,585.95,2.835,585.9,8.398,585.85,6.882,585.8,8.804,585.75,16.45,585.7,12.685,585.65,10.712,585.6,9.745,585.55,17.627,585.5,26.115
1715176711894,1715176711890,GATE,ETHUSDT,3031.3,44.67,3031.35,8.15,3031.4,15.73,3031.45,17.22,3031.5,31.19,3031.55,1.35,3031.6,2.2,3031.65,0.36,3031.7,9.66,3031.75,11.2,3031.25,13.67,3031.2,10.15,3030.9,9.19,3030.85,0.66,3030.8,11.9,3030.75,7.33,3030.7,10.47,3030.65,14.56,3030.6,0.56,3030.55,50.17
1715176711938,1715176711959,GATE,SOLUSDT,147.52,6,147.523,15,147.535,7,147.536,11,147.54,2,147.541,2,147.544,11,147.545,4,147.551,5,147.552,7,147.519,5,147.514,3,147.512,3,147.508,3,147.503,4,147.502,4,147.5,11,147.498,17,147.495,16,147.494,2
1715176711925,1715176711961,GATE,BNBUSDT,586,6.403,586.05,10.131,586.1,11.743,586.15,17.868,586.2,20.367,586.25,9.455,586.3,8.955,586.35,8.467,586.4,22.421,586.45,23.1,585.95,2.835,585.9,8.398,585.85,6.882,585.8,8.804,585.75,16.45,585.7,14.771,585.65,10.712,585.6,9.745,585.55,17.627,585.5,26.115
1715176711992,1715176711989,GATE,ETHUSDT,3031.3,44.67,3031.35,8.15,3031.4,15.73,3031.45,17.22,3031.5,31.19,3031.55,1.35,3031.6,2.2,3031.65,0.36,3031.7,9.66,3031.75,11.2,3031.25,12.07,3031.2,10.15,3030.9,9.19,3030.85,0.66,3030.8,11.9,3030.75,7.33,3030.7,10.47,3030.65,10.42,3030.6,0.56,3030.55,50.17
1715176712070,1715176712070,GATE,SOLUSDT,147.521,4,147.522,1,147.523,3,147.541,2,147.543,10,147.544,11,147.546,4,147.551,5,147.552,7,147.553,11,147.52,1,147.519,5,147.514,3,147.512,2,147.508,3,147.503,4,147.502,4,147.5,11,147.498,17,147.495,16
1715176712088,1715176712092,GATE,ETHUSDT,3031.3,44.67,3031.35,8.15,3031.4,15.73,3031.45,17.22,3031.5,31.19,3031.55,1.35,3031.6,2.2,3031.65,0.36,3031.7,9.66,3031.75,11.2,3031.25,12.07,3031.2,10.15,3031.1,0.09,3030.9,9.19,3030.85,0.66,3030.8,11.9,3030.75,7.33,3030.7,10.47,3030.65,14.56,3030.6,0.56
1715176712169,1715176712167,GATE,SOLUSDT,147.522,1,147.523,3,147.54,2,147.541,2,147.543,10,147.552,7,147.553,11,147.555,5,147.556,2,147.558,4,147.521,2,147.52,3,147.519,4,147.514,3,147.508,3,147.503,4,147.502,4,147.5,11,147.498,17,147.495,16
1715176712192,1715176712190,GATE,ETHUSDT,3031.3,44.67,3031.35,8.15,3031.4,15.73,3031.45,17.22,3031.5,31.19,3031.55,1.35,3031.6,2.2,3031.65,0.36,3031.7,9.66,3031.75,11.2,3031.25,12.07,3031.2,10.15,3031.1,0.09,3030.95,0.66,3030.9,9.19,3030.85,0.66,3030.8,11.9,3030.75,7.33,3030.7,10.47,3030.65,14.56
1715176712258,1715176712259,GATE,SOLUSDT,147.522,1,147.541,2,147.551,2,147.552,7,147.553,11,147.555,5,147.556,2,147.558,4,147.559,5,147.561,10,147.521,2,147.52,2,147.519,4,147.514,3,147.508,3,147.503,4,147.502,4,147.5,11,147.498,17,147.497,11
1715176712173,1715176712265,GATE,BNBUSDT,586,6.403,586.05,10.131,586.1,11.743,586.15,17.868,586.2,20.367,586.25,9.455,586.3,8.955,586.35,8.467,586.4,22.421,586.45,23.1,585.95,2.835,585.9,8.398,585.85,6.882,585.8,8.804,585.75,16.45,585.7,14.771,585.65,10.712,585.6,9.745,585.55,17.627,585.5,26.115
1715176712293,1715176712288,GATE,ETHUSDT,3031.3,44.67,3031.35,8.15,3031.4,15.73,3031.45,17.22,3031.5,36.69,3031.55,1.35,3031.6,2.2,3031.65,0.36,3031.7,9.66,3031.75,11.2,3031.25,12.07,3031.2,10.15,3031.1,0.09,3030.9,9.19,3030.85,0.66,3030.8,10.6,3030.75,7.23,3030.7,10.47,3030.65,14.56,3030.6,0.56
1715176712373,1715176712364,GATE,SOLUSDT,147.522,2,147.54,2,147.541,16,147.542,17,147.552,7,147.553,11,147.555,5,147.556,2,147.558,4,147.559,5,147.521,2,147.52,2,147.519,4,147.514,3,147.509,2,147.508,3,147.504,1,147.503,4,147.502,4,147.5,11
1715176712383,1715176712393,GATE,ETHUSDT,3031.3,45.33,3031.35,8.15,3031.4,15.73,3031.45,17.22,3031.5,36.69,3031.55,1.35,3031.6,2.2,3031.65,0.36,3031.7,9.66,3031.75,11.2,3031.25,12.07,3031.2,10.15,3031.1,0.09,3030.9,9.19,3030.85,0.66,3030.8,10.6,3030.75,7.23,3030.7,10.47,3030.65,15.96,3030.6,0.56
1715176712413,1715176712461,GATE,BNBUSDT,586,5.809,586.05,10.131,586.1,11.743,586.15,17.868,586.2,20.367,586.25,9.455,586.3,8.955,586.35,8.467,586.4,22.421,586.45,23.1,585.95,2.835,585.9,8.398,585.85,6.882,585.8,8.804,585.75,16.45,585.7,14.771,585.65,10.712,585.6,9.745,585.55,17.627,585.5,26.115
1715176712473,1715176712466,GATE,SOLUSDT,147.54,1,147.541,16,147.542,17,147.552,7,147.555,5,147.556,2,147.558,4,147.559,5,147.561,10,147.563,5,147.524,3,147.522,6,147.521,2,147.517,14,147.514,3,147.509,2,147.508,3,147.505,11,147.504,1,147.503,4
1715176712434,1715176712496,GATE,ETHUSDT,3031.3,45.33,3031.35,8.15,3031.4,15.73,3031.45,17.22,3031.5,31.19,3031.55,1.35,3031.6,2.2,3031.65,0.36,3031.7,9.66,3031.75,11.2,3031.25,12.07,3031.2,10.15,3031.1,0.09,3030.9,9.19,3030.85,0.66,3030.8,10.6,3030.75,7.23,3030.7,10.47,3030.65,15.96,3030.6,0.56
1715176712529,1715176712555,GATE,SOLUSDT,147.54,1,147.541,16,147.542,17,147.555,5,147.556,2,147.558,9,147.559,5,147.561,10,147.562,4,147.563,5,147.525,5,147.524,3,147.522,1,147.518,16,147.517,14,147.514,3,147.509,2,147.508,3,147.505,11,147.504,1
1715176712594,1715176712588,GATE,ETHUSDT,3031.3,39.83,3031.35,8.15,3031.4,15.73,3031.45,17.22,3031.5,31.19,3031.55,1.43,3031.6,2.2,3031.65,0.36,3031.7,9.66,3031.75,11.2,3031.25,12.24,3031.2,10.15,3031.1,0.09,3030.9,9.19,3030.85,0.66,3030.8,10.6,3030.75,7.23,3030.7,10.47,3030.65,15.96,3030.6,0.56
1715176712649,1715176712656,GATE,SOLUSDT,147.536,3,147.538,2,147.539,2,147.541,16,147.542,17,147.555,5,147.556,13,147.558,9,147.559,5,147.561,10,147.525,5,147.524,4,147.523,4,147.517,14,147.514,3,147.509,2,147.508,3,147.505,11,147.504,1,147.503,4
1715176712693,1715176712688,GATE,ETHUSDT,3031.3,7.87,3031.35,7.83,3031.4,7.2,3031.5,31.19,3031.55,0.08,3031.65,0.72,3031.7,2.9,3031.75,1.41,3031.8,2.2,3031.9,4.77,3031.25,22.02,3031.2,21.19,3031.05,6.16,3030.95,10.84,3030.9,24.22,3030.85,6.16,3030.8,10.5,3030.75,4.94,3030.7,15.82,3030.65,15.96
1715176712752,1715176712763,GATE,BNBUSDT,586,7.32,586.05,9.31,586.1,9.203,586.15,17.868,586.2,20.367,586.25,9.455,586.3,8.955,586.35,8.467,586.4,22.421,586.45,23.1,585.95,2.835,585.9,8.398,585.85,6.882,585.8,8.804,585.75,16.45,585.7,14.771,585.65,10.712,585.6,9.745,585.55,17.627,585.5,26.115
1715176712757,1715176712766,GATE,SOLUSDT,147.528,1,147.534,2,147.541,10,147.542,17,147.555,5,147.556,2,147.558,9,147.561,10,147.563,5,147.564,13,147.525,5,147.524,4,147.519,4,147.517,14,147.514,3,147.509,2,147.508,3,147.505,11,147.504,1,147.503,4
1715176712792,1715176712787,GATE,ETHUSDT,3031.3,43.08,3031.35,0.63,3031.45,18.22,3031.5,31.19,3031.55,0.08,3031.65,2.18,3031.7,8.4,3031.8,2.2,3031.85,4.11,3031.9,6.9,3031.25,11.21,3031.2,21.19,3031.1,0.03,3030.95,10.18,3030.9,6.54,3030.8,4.21,3030.75,0.81,3030.7,4.18,3030.65,11.82,3030.6,0.56
1715176712796,1715176712854,GATE,BNBUSDT,586,5.811,586.05,9.31,586.1,15.162,586.15,17.868,586.2,20.367,586.25,9.455,586.3,8.955,586.35,8.467,586.4,22.421,586.45,23.1,585.95,2.835,585.9,8.398,585.85,6.882,585.8,8.804,585.75,16.45,585.7,14.771,585.65,10.712,585.6,9.745,585.55,17.627,585.5,26.115
1715176712858,1715176712862,GATE,SOLUSDT,147.528,1,147.534,2,147.541,10,147.542,17,147.552,11,147.554,4,147.555,5,147.556,2,147.558,9,147.561,10,147.525,5,147.524,4,147.519,4,147.517,14,147.514,3,147.509,2,147.508,3,147.505,11,147.504,1,147.503,4
1715176712893,1715176712887,GATE,ETHUSDT,3031.3,37.18,3031.35,0.63,3031.45,18.22,3031.5,31.19,3031.55,0.08,3031.65,5.26,3031.7,8.4,3031.8,2.2,3031.85,4.11,3031.9,6.92,3031.25,13.56,3031.2,21.19,3031.1,0.15,3030.95,10.18,3030.9,6.54,3030.85,0.66,3030.8,4.21,3030.75,7.33,3030.7,4.18,3030.65,11.82
1715176712962,1715176712957,GATE,SOLUSDT,147.528,1,147.534,2,147.541,10,147.542,17,147.552,11,147.554,4,147.555,5,147.556,2,147.558,9,147.561,10,147.525,5,147.524,4,147.519,4,147.517,14,147.514,3,147.509,2,147.508,3,147.505,11,147.504,1,147.503,4
1715176712997,1715176712992,GATE,ETHUSDT,3031.3,37.18,3031.35,0.63,3031.45,18.22,3031.5,31.19,3031.55,0.08,3031.65,5.26,3031.7,8.4,3031.8,2.2,3031.85,4.11,3031.9,6.9,3031.25,15.05,3031.2,21.19,3031.1,0.15,3030.95,10.18,3030.9,6.54,3030.85,0.66,3030.8,4.21,3030.75,7.33,3030.7,4.18,3030.65,11.82
1715176712994,1715176713052,GATE,BNBUSDT,586,5.811,586.05,9.31,586.1,15.162,586.15,17.868,586.2,20.367,586.25,9.455,586.3,8.955,586.35,8.467,586.4,22.421,586.45,23.1,585.95,2.835,585.9,8.398,585.85,6.882,585.8,8.804,585.75,16.45,585.7,14.771,585.65,10.712,585.6,9.745,585.55,17.627,585.5,26.115
1715176713063,1715176713058,GATE,SOLUSDT,147.528,1,147.53,1,147.534,2,147.541,10,147.542,17,147.552,11,147.554,4,147.555,5,147.556,2,147.558,9,147.525,5,147.524,4,147.519,4,147.517,14,147.514,3,147.509,2,147.508,3,147.505,11,147.504,1,147.503,4
1715176713091,1715176713090,GATE,ETHUSDT,3031.3,37.18,3031.35,0.63,3031.45,18.22,3031.5,31.19,3031.55,0.08,3031.65,2.18,3031.7,2.9,3031.8,2.2,3031.85,4.11,3031.9,6.92,3031.25,15.05,3031.2,21.19,3031.1,0.15,3030.95,10.84,3030.9,9.19,3030.85,6.16,3030.8,4.21,3030.75,7.33,3030.7,4.18,3030.65,11.82
1715176713071,1715176713190,GATE,BNBUSDT,586,5.811,586.05,9.31,586.1,15.162,586.15,17.868,586.2,20.367,586.25,9.455,586.3,8.955,586.35,8.467,586.4,22.421,586.45,23.1,585.95,2.835,585.9,8.398,585.85,6.882,585.8,8.804,585.75,16.45,585.7,14.771,585.65,10.712,585.6,9.745,585.55,17.627,585.5,26.115
1715176713142,1715176713190,GATE,SOLUSDT,147.528,1,147.534,2,147.541,10,147.542,17,147.555,5,147.556,2,147.558,9,147.561,10,147.563,5,147.564,13,147.527,9,147.526,2,147.524,4,147.519,4,147.517,14,147.514,3,147.509,2,147.508,3,147.505,11,147.504,1
1715176713199,1715176713232,GATE,ETHUSDT,3031.3,37.24,3031.35,0.63,3031.45,18.22,3031.5,31.19,3031.55,0.08,3031.65,2.18,3031.7,2.9,3031.8,2.2,3031.85,4.11,3031.9,6.92,3031.25,15.17,3031.2,21.19,3031.1,0.15,3031.05,0.66,3030.95,10.84,3030.9,9.19,3030.85,6.16,3030.8,4.21,3030.75,7.33,3030.7,4.18
1715176713259,1715176713253,GATE,SOLUSDT,147.54,1,147.541,10,147.542,17,147.555,5,147.556,2,147.558,9,147.561,10,147.563,5,147.564,13,147.565,11,147.532,2,147.531,5,147.53,2,147.526,2,147.524,4,147.519,4,147.517,14,147.514,3,147.513,11,147.509,2
1715176713230,1715176713260,GATE,BNBUSDT,586,5.811,586.05,9.31,586.1,15.162,586.15,17.868,586.2,20.367,586.25,9.455,586.3,8.955,586.35,8.467,586.4,22.421,586.45,23.1,585.95,2.835,585.9,8.398,585.85,6.882,585.8,8.804,585.75,16.45,585.7,14.771,585.65,10.712,585.6,9.745,585.55,17.627,585.5,26.115
1715176713292,1715176713286,GATE,ETHUSDT,3031.3,37.24,3031.35,0.63,3031.45,18.22,3031.5,31.19,3031.55,0.08,3031.65,2.18,3031.7,2.9,3031.8,2.2,3031.85,4.11,3031.9,6.9,3031.25,15.05,3031.2,21.19,3031.15,0.66,3031.05,0.66,3030.95,10.84,3030.9,6.54,3030.85,6.16,3030.8,10.5,3030.75,7.23,3030.7,4.18
1715176713363,1715176713360,GATE,SOLUSDT,147.54,3,147.541,10,147.542,17,147.555,5,147.556,2,147.558,9,147.561,10,147.563,5,147.564,17,147.565,11,147.535,1,147.531,2,147.527,2,147.526,2,147.524,4,147.519,4,147.517,14,147.514,3,147.509,2,147.508,3
1715176713385,1715176713384,GATE,ETHUSDT,3031.3,27.88,3031.35,0.63,3031.45,18.22,3031.5,31.19,3031.55,0.08,3031.65,2.18,3031.7,2.9,3031.8,2.2,3031.85,4.11,3031.9,6.92,3031.25,27.59,3031.2,21.19,3031.15,0.66,3031.05,0.66,3030.95,10.84,3030.9,21.55,3030.85,6.16,3030.8,4.21,3030.75,5.04,3030.7,4.18
1715176713465,1715176713468,GATE,SOLUSDT,147.534,2,147.535,1,147.538,2,147.539,2,147.541,10,147.542,17,147.555,5,147.556,13,147.558,9,147.561,10,147.531,2,147.525,2,147.524,4,147.519,4,147.517,14,147.514,3,147.509,2,147.508,3,147.505,11,147.504,1
1715176713497,1715176713495,GATE,ETHUSDT,3031.3,39.54,3031.35,0.63,3031.45,18.22,3031.5,31.19,3031.55,0.08,3031.65,2.18,3031.7,8.4,3031.8,2.2,3031.85,4.11,3031.9,6.9,3031.25,21,3031.2,21.19,3030.95,10.84,3030.9,21.55,3030.85,6.16,3030.8,10.5,3030.75,5.04,3030.7,4.18,3030.65,15.96,3030.6,0.56
1715176713484,1715176713561,GATE,BNBUSDT,586,5.811,586.05,9.31,586.1,15.162,586.15,17.868,586.2,20.367,586.25,9.455,586.3,8.955,586.35,8.467,586.4,22.421,586.45,23.1,585.95,2.835,585.9,8.398,585.85,6.882,585.8,8.804,585.75,16.45,585.7,14.771,585.65,10.712,585.6,9.745,585.55,17.627,585.5,26.115
1715176713511,1715176713563,GATE,SOLUSDT,147.533,1,147.534,2,147.541,10,147.542,17,147.555,5,147.556,13,147.561,10,147.563,9,147.564,13,147.565,11,147.532,1,147.531,2,147.525,2,147.524,4,147.519,4,147.517,14,147.514,3,147.509,2,147.508,3,147.505,11
1715176713562,1715176713587,GATE,ETHUSDT,3031.3,39.54,3031.35,0.63,3031.4,7.2,3031.45,18.22,3031.5,31.19,3031.55,0.08,3031.65,2.18,3031.7,2.9,3031.8,2.2,3031.85,4.11,3031.25,23.16,3031.2,21.19,3031.05,0.66,3030.95,10.99,3030.9,21.55,3030.85,6.16,3030.8,10.5,3030.75,5.04,3030.7,4.18,3030.65,15.96
1715176713658,1715176713659,GATE,SOLUSDT,147.533,3,147.541,10,147.542,17,147.555,5,147.556,13,147.561,10,147.563,9,147.564,13,147.565,11,147.567,5,147.531,2,147.529,2,147.528,3,147.524,4,147.519,4,147.517,14,147.509,2,147.508,3,147.504,1,147.503,4
1715176713685,1715176713689,GATE,ETHUSDT,3031.3,39.54,3031.35,0.63,3031.4,7.2,3031.45,18.22,3031.5,31.19,3031.55,0.08,3031.65,2.18,3031.7,2.9,3031.8,2.2,3031.85,4.11,3031.25,23.46,3031.2,21.19,3031.05,0.66,3030.95,10.84,3030.9,24.2,3030.85,6.16,3030.8,10.5,3030.75,5.04,3030.7,4.18,3030.65,15.96
1715176713750,1715176713757,GATE,SOLUSDT,147.532,4,147.533,1,147.541,10,147.542,17,147.548,11,147.554,13,147.555,5,147.556,13,147.561,10,147.563,9,147.531,2,147.529,2,147.528,3,147.524,4,147.519,4,147.517,14,147.509,2,147.508,3,147.504,1,147.503,4
1715176713785,1715176713790,GATE,ETHUSDT,3031.3,39.54,3031.35,0.63,3031.4,7.2,3031.45,18.22,3031.5,31.19,3031.55,0.08,3031.65,2.18,3031.7,2.9,3031.8,2.2,3031.85,4.11,3031.25,23.46,3031.2,21.19,3031.1,0.09,3031.05,0.81,3030.95,10.84,3030.9,24.2,3030.85,6.16,3030.8,10.5,3030.75,5.04,3030.7,4.18
1715176713832,1715176713859,GATE,SOLUSDT,147.532,4,147.533,1,147.541,10,147.542,17,147.548,11,147.554,13,147.555,5,147.556,13,147.561,10,147.563,9,147.531,2,147.528,3,147.524,4,147.519,4,147.517,14,147.509,2,147.508,3,147.504,1,147.503,4,147.501,18
