timestamp,local_timestamp,exchange,symbol,side,price,qty
1715176697314,1715176697308,GATE,ETHUSDT,BUY,3030.5,0.65
1715176697315,1715176697308,GATE,ETHUSDT,BUY,3030.5,0.66
1715176697315,1715176697308,GATE,ETHUSDT,BUY,3030.5,0.03
1715176697315,1715176697308,GATE,ETHUSDT,BUY,3030.5,0.09
1715176697315,1715176697308,GATE,ETHUSDT,BUY,3030.5,0.16
1715176697315,1715176697308,GATE,ETHUSDT,BUY,3030.5,0.44
1715176697315,1715176697309,GATE,ETHUSDT,BUY,3030.5,0.22
1715176697315,1715176697309,GATE,ETHUSDT,BUY,3030.5,0.3
1715176697315,1715176697310,GATE,ETHUSDT,BUY,3030.5,0.65
1715176697315,1715176697310,GATE,ETHUSDT,BUY,3030.5,0.45
1715176697315,1715176697310,GATE,ETHUSDT,BUY,3030.5,0.35
1715176697551,1715176697548,GATE,ETHUSDT,SELL,3030.45,0.66
1715176697551,1715176697548,GATE,ETHUSDT,SELL,3030.45,0.11
1715176697552,1715176697548,GATE,ETHUSDT,SELL,3030.45,4.23
1715176697633,1715176697627,GATE,ETHUSDT,BUY,3030.5,0.09
1715176697633,1715176697627,GATE,ETHUSDT,BUY,3030.5,0.09
1715176697633,1715176697627,GATE,ETHUSDT,BUY,3030.5,0.04
1715176697633,1715176697628,GATE,ETHUSDT,BUY,3030.5,0.19
1715176697643,1715176697636,GATE,ETHUSDT,SELL,3030.45,0.14
1715176697648,1715176697645,GATE,ETHUSDT,BUY,3030.5,0.83
1715176697648,1715176697645,GATE,ETHUSDT,BUY,3030.55,0.32
1715176697648,1715176697645,GATE,ETHUSDT,BUY,3030.6,0.47
1715176697648,1715176697646,GATE,ETHUSDT,BUY,3030.65,0.66
1715176697648,1715176697646,GATE,ETHUSDT,BUY,3030.8,3.55
1715176697648,1715176697646,GATE,ETHUSDT,BUY,3030.85,0.66
1715176697648,1715176697646,GATE,ETHUSDT,BUY,3030.85,5.15
1715176697648,1715176697646,GATE,ETHUSDT,BUY,3030.9,4.1
1715176697648,1715176697647,GATE,ETHUSDT,BUY,3030.95,6.78
1715176697648,1715176697647,GATE,ETHUSDT,BUY,3030.95,5.87
1715176697648,1715176697648,GATE,ETHUSDT,BUY,3031,11.28
1715176697648,1715176697648,GATE,ETHUSDT,BUY,3031,11.06
1715176697648,1715176697648,GATE,ETHUSDT,BUY,3031.05,6.91
1715176697648,1715176697650,GATE,ETHUSDT,BUY,3031.05,4.1
1715176697648,1715176697650,GATE,ETHUSDT,BUY,3031.05,0.66
1715176697648,1715176697650,GATE,ETHUSDT,BUY,3031.1,5.4
1715176697649,1715176697650,GATE,ETHUSDT,BUY,3031.1,6.08
1715176697649,1715176697652,GATE,ETHUSDT,BUY,3031.2,4.1
1715176697649,1715176697652,GATE,ETHUSDT,BUY,3031.2,0.01
1715176697649,1715176697652,GATE,ETHUSDT,BUY,3031.25,0.66
1715176697649,1715176697652,GATE,ETHUSDT,BUY,3031.3,2.52
1715176697649,1715176697652,GATE,ETHUSDT,BUY,3031.35,4.1
1715176697649,1715176697652,GATE,ETHUSDT,BUY,3031.4,0.01
1715176697649,1715176697654,GATE,ETHUSDT,BUY,3031.45,3.34
1715176697649,1715176697654,GATE,ETHUSDT,BUY,3031.45,0.66
1715176697649,1715176697654,GATE,ETHUSDT,BUY,3031.5,5.5
1715176697649,1715176697654,GATE,ETHUSDT,BUY,3031.5,4.1
1715176697649,1715176697654,GATE,ETHUSDT,BUY,3031.55,1.12
1715176697650,1715176697659,GATE,ETHUSDT,BUY,3031.55,0.36
1715176697652,1715176697659,GATE,ETHUSDT,BUY,3031.55,2
1715176697654,1715176697659,GATE,ETHUSDT,BUY,3031.55,0.67
1715176697654,1715176697659,GATE,ETHUSDT,BUY,3031.6,2.99
1715176697654,1715176697659,GATE,ETHUSDT,BUY,3031.6,1.34
1715176697820,1715176697821,GATE,SOLUSDT,BUY,147.553,1
1715176698024,1715176698018,GATE,ETHUSDT,BUY,3031.25,0.23
1715176698024,1715176698018,GATE,ETHUSDT,BUY,3031.25,0.07
1715176698072,1715176698076,GATE,SOLUSDT,BUY,147.574,1
1715176698115,1715176698189,GATE,ETHUSDT,BUY,3031.45,6.36
1715176698122,1715176698189,GATE,ETHUSDT,BUY,3031.55,0.17
1715176698246,1715176698242,GATE,ETHUSDT,SELL,3031.5,0.09
1715176698484,1715176698477,GATE,ETHUSDT,SELL,3031.5,0.02
1715176698741,1715176698732,GATE,ETHUSDT,SELL,3031.5,0.1
1715176699002,1715176698998,GATE,ETHUSDT,SELL,3031.5,0.02
1715176699002,1715176698998,GATE,ETHUSDT,SELL,3031.5,0.03
1715176699138,1715176699131,GATE,ETHUSDT,SELL,3031.5,0.04
1715176699541,1715176699537,GATE,ETHUSDT,BUY,3031.55,0.1
1715176699541,1715176699537,GATE,ETHUSDT,BUY,3031.55,0.08
1715176699541,1715176699537,GATE,ETHUSDT,BUY,3031.55,0.15
1715176699541,1715176699538,GATE,ETHUSDT,BUY,3031.55,0.65
1715176699541,1715176699538,GATE,ETHUSDT,BUY,3031.55,0.12
1715176699541,1715176699538,GATE,ETHUSDT,BUY,3031.55,0.12
1715176699541,1715176699538,GATE,ETHUSDT,BUY,3031.55,3.55
1715176699830,1715176699926,GATE,ETHUSDT,BUY,3031.55,0.7
1715176700045,1715176700037,GATE,ETHUSDT,BUY,3031.55,0.01
1715176700497,1715176700496,GATE,ETHUSDT,SELL,3031.5,0.27
1715176700497,1715176700496,GATE,ETHUSDT,SELL,3031.5,0.13
1715176700497,1715176700496,GATE,ETHUSDT,SELL,3031.5,0.66
1715176700497,1715176700496,GATE,ETHUSDT,SELL,3031.5,0.35
1715176700497,1715176700496,GATE,ETHUSDT,SELL,3031.45,7.19
1715176700567,1715176700565,GATE,ETHUSDT,SELL,3031.45,7.08
1715176700584,1715176700584,GATE,ETHUSDT,SELL,3031.45,0.06
1715176700587,1715176700588,GATE,ETHUSDT,SELL,3031.45,2.17
1715176700587,1715176700588,GATE,ETHUSDT,SELL,3031.4,0.54
1715176700679,1715176700686,GATE,ETHUSDT,SELL,3031.2,0.01
1715176700679,1715176700686,GATE,ETHUSDT,SELL,3031.2,0.14
1715176700787,1715176700781,GATE,ETHUSDT,SELL,3031.15,5.14
1715176701003,1715176700998,GATE,ETHUSDT,SELL,3031.15,0.06
1715176701437,1715176701431,GATE,ETHUSDT,SELL,3031.15,0.1
1715176701549,1715176701540,GATE,ETHUSDT,BUY,3031.2,1.45
1715176701549,1715176701540,GATE,ETHUSDT,BUY,3031.2,1.25
1715176701550,1715176701546,GATE,ETHUSDT,BUY,3031.2,0.06
1715176701550,1715176701546,GATE,ETHUSDT,BUY,3031.2,0.72
1715176701550,1715176701546,GATE,ETHUSDT,BUY,3031.2,0.53
1715176701550,1715176701546,GATE,ETHUSDT,BUY,3031.2,0.35
1715176701550,1715176701546,GATE,ETHUSDT,BUY,3031.2,0.21
1715176701551,1715176701546,GATE,ETHUSDT,BUY,3031.2,0.81
1715176701551,1715176701546,GATE,ETHUSDT,BUY,3031.2,0.65
1715176703249,1715176703245,GATE,SOLUSDT,BUY,147.586,13
1715176703263,1715176703256,GATE,SOLUSDT,BUY,147.6,17
1715176703413,1715176703407,GATE,ETHUSDT,BUY,3031.4,0.43
1715176703413,1715176703408,GATE,ETHUSDT,BUY,3031.4,0.01
1715176703413,1715176703411,GATE,ETHUSDT,BUY,3031.4,0.15
1715176703413,1715176703411,GATE,ETHUSDT,BUY,3031.45,0.27
1715176703592,1715176703593,GATE,ETHUSDT,BUY,3031.5,0.06
1715176703642,1715176703637,GATE,ETHUSDT,SELL,3031.7,1.11
1715176703642,1715176703638,GATE,ETHUSDT,SELL,3031.7,2.48
1715176703640,1715176703638,GATE,SOLUSDT,SELL,147.617,2
1715176703640,1715176703639,GATE,SOLUSDT,SELL,147.617,2
1715176703642,1715176703639,GATE,ETHUSDT,SELL,3031.7,0.23
1715176703642,1715176703639,GATE,ETHUSDT,SELL,3031.7,0.1
1715176703642,1715176703643,GATE,ETHUSDT,SELL,3031.7,0.64
1715176703642,1715176703643,GATE,ETHUSDT,SELL,3031.7,6.59
1715176703642,1715176703643,GATE,ETHUSDT,SELL,3031.7,2.48
1715176703642,1715176703643,GATE,ETHUSDT,SELL,3031.7,1.11
1715176703642,1715176703643,GATE,ETHUSDT,SELL,3031.7,1.5
1715176703642,1715176703643,GATE,ETHUSDT,SELL,3031.7,2.48
1715176703643,1715176703643,GATE,ETHUSDT,SELL,3031.7,0.28
1715176703883,1715176703876,GATE,ETHUSDT,SELL,3031.7,0.06
1715176703921,1715176703915,GATE,ETHUSDT,SELL,3031.7,0.5
1715176704824,1715176704816,GATE,ETHUSDT,BUY,3031.75,1.53
1715176704826,1715176704820,GATE,ETHUSDT,BUY,3031.8,1.91
1715176704826,1715176704820,GATE,ETHUSDT,BUY,3031.8,0.01
1715176704834,1715176704829,GATE,ETHUSDT,BUY,3031.95,0.01
1715176704834,1715176704829,GATE,ETHUSDT,BUY,3031.95,0.06
1715176704834,1715176704829,GATE,ETHUSDT,BUY,3031.95,3.51
1715176704891,1715176704898,GATE,ETHUSDT,BUY,3032,0.02
1715176704891,1715176704898,GATE,ETHUSDT,BUY,3032,0.02
1715176704891,1715176704898,GATE,ETHUSDT,BUY,3032,0.01
1715176704891,1715176704898,GATE,ETHUSDT,BUY,3032,0.01
1715176704891,1715176704898,GATE,ETHUSDT,BUY,3032,0.1
1715176704891,1715176704898,GATE,ETHUSDT,BUY,3032,0.5
1715176704891,1715176704898,GATE,ETHUSDT,BUY,3032,0.1
1715176704891,1715176704899,GATE,ETHUSDT,BUY,3032,5
1715176704892,1715176704899,GATE,ETHUSDT,BUY,3032.05,0.01
1715176704892,1715176704899,GATE,ETHUSDT,BUY,3032.05,0.01
1715176704894,1715176704899,GATE,ETHUSDT,BUY,3032.1,0.5
1715176704895,1715176704899,GATE,ETHUSDT,BUY,3032.1,3.85
1715176704895,1715176704899,GATE,ETHUSDT,BUY,3032.4,0.01
1715176704895,1715176704899,GATE,ETHUSDT,BUY,3032.4,0.09
1715176704895,1715176704899,GATE,ETHUSDT,BUY,3032.4,0.01
1715176704895,1715176704899,GATE,ETHUSDT,BUY,3032.4,0.39
1715176704895,1715176704899,GATE,ETHUSDT,BUY,3032.4,0.47
1715176704897,1715176704899,GATE,ETHUSDT,BUY,3032.4,0.49
1715176704905,1715176704916,GATE,ETHUSDT,BUY,3032.4,1.2
1715176704980,1715176704987,GATE,SOLUSDT,BUY,147.624,3
1715176705025,1715176705018,GATE,ETHUSDT,SELL,3032.35,0.1
1715176705656,1715176705648,GATE,ETHUSDT,BUY,3032.1,0.73
1715176705664,1715176705661,GATE,ETHUSDT,BUY,3032.1,0.01
1715176705805,1715176705800,GATE,ETHUSDT,BUY,3032.1,1.55
1715176706557,1715176706549,GATE,SOLUSDT,SELL,147.59,1
1715176706585,1715176706580,GATE,ETHUSDT,SELL,3032.05,0.16
1715176706629,1715176706625,GATE,ETHUSDT,SELL,3032,0.14
1715176706630,1715176706626,GATE,ETHUSDT,SELL,3032,0.16
1715176706632,1715176706632,GATE,ETHUSDT,SELL,3031.8,0.55
1715176706661,1715176706667,GATE,ETHUSDT,SELL,3031.75,0.03
1715176706661,1715176706667,GATE,ETHUSDT,SELL,3031.75,0.15
1715176706661,1715176706679,GATE,ETHUSDT,SELL,3031.7,0.36
1715176706661,1715176706679,GATE,ETHUSDT,SELL,3031.65,9.5
1715176706729,1715176706724,GATE,SOLUSDT,SELL,147.558,1
1715176706862,1715176706853,GATE,ETHUSDT,SELL,3031.55,0.09
1715176706863,1715176706855,GATE,ETHUSDT,SELL,3031.55,0.07
1715176707074,1715176707084,GATE,ETHUSDT,BUY,3031.6,0.05
1715176707077,1715176707084,GATE,ETHUSDT,BUY,3031.6,0.22
1715176707072,1715176707084,GATE,SOLUSDT,BUY,147.557,4
1715176707077,1715176707084,GATE,ETHUSDT,BUY,3031.6,0.08
1715176707081,1715176707084,GATE,ETHUSDT,BUY,3031.6,0.07
1715176708163,1715176708155,GATE,ETHUSDT,SELL,3031.7,0.32
1715176708163,1715176708155,GATE,ETHUSDT,SELL,3031.7,0.22
1715176708163,1715176708157,GATE,ETHUSDT,SELL,3031.7,0.42
1715176708163,1715176708157,GATE,ETHUSDT,SELL,3031.7,0.04
1715176708240,1715176708241,GATE,ETHUSDT,SELL,3031.7,0.17
1715176708283,1715176708276,GATE,ETHUSDT,SELL,3031.7,0.27
1715176708283,1715176708276,GATE,ETHUSDT,SELL,3031.7,0.45
1715176708283,1715176708277,GATE,ETHUSDT,SELL,3031.7,0.48
1715176708283,1715176708277,GATE,ETHUSDT,SELL,3031.7,1.8
1715176708573,1715176708789,GATE,ETHUSDT,SELL,3031.7,4.2
1715176708577,1715176708789,GATE,ETHUSDT,SELL,3031.7,3.5
1715176709007,1715176709000,GATE,ETHUSDT,SELL,3031.5,0.01
1715176709524,1715176709516,GATE,ETHUSDT,BUY,3031.55,0.21
1715176709524,1715176709516,GATE,ETHUSDT,BUY,3031.55,0.12
1715176709817,1715176709812,GATE,ETHUSDT,BUY,3031.55,10.47
1715176709817,1715176709812,GATE,ETHUSDT,BUY,3031.55,0.45
1715176709817,1715176709812,GATE,ETHUSDT,BUY,3031.55,0.48
1715176709817,1715176709833,GATE,ETHUSDT,BUY,3031.55,0.27
1715176709817,1715176709833,GATE,ETHUSDT,BUY,3031.55,0.12
1715176709817,1715176709833,GATE,ETHUSDT,BUY,3031.55,0.36
1715176709817,1715176709833,GATE,ETHUSDT,BUY,3031.55,0.48
1715176709817,1715176709833,GATE,ETHUSDT,BUY,3031.55,0.1
1715176709817,1715176709833,GATE,ETHUSDT,BUY,3031.55,0.32
1715176709817,1715176709833,GATE,ETHUSDT,BUY,3031.55,0.1
1715176709817,1715176709834,GATE,ETHUSDT,BUY,3031.55,0.27
1715176709817,1715176709834,GATE,ETHUSDT,BUY,3031.55,0.12
1715176709817,1715176709914,GATE,ETHUSDT,BUY,3031.55,0.09
1715176709817,1715176709914,GATE,ETHUSDT,BUY,3031.55,0.66
1715176709817,1715176709914,GATE,ETHUSDT,BUY,3031.55,0.02
1715176709817,1715176709914,GATE,ETHUSDT,BUY,3031.55,0.09
1715176709817,1715176709914,GATE,ETHUSDT,BUY,3031.55,0.48
1715176709818,1715176709914,GATE,ETHUSDT,BUY,3031.55,0.12
1715176709883,1715176709914,GATE,ETHUSDT,SELL,3031.5,0.19
1715176710187,1715176710178,GATE,ETHUSDT,SELL,3031.5,1
1715176710320,1715176710316,GATE,ETHUSDT,SELL,3031.5,9.5
