timestamp,local_timestamp,exchange,symbol,side,price,qty
1715247434700,1715247434633837000,GATE,ETHUSDT,BUY,2964.7,0.1
1715247434828,1715247434760048000,GATE,ETHUSDT,SELL,2964.65,8
1715247434893,1715247434827579000,GATE,ETHUSDT,BUY,2964.7,0.5
1715247435751,1715247435684889000,GATE,ETHUSDT,BUY,2964.7,0.03
1715247435904,1715247435858900000,GATE,ETHUSDT,BUY,2964.7,0.67
1715247435904,1715247435858940000,GATE,ETHUSDT,BUY,2964.7,11.98
1715247435907,1715247435858961000,GATE,ETHUSDT,BUY,2964.7,3.02
1715247435908,1715247435858982000,GATE,ETHUSDT,BUY,2964.8,0.01
1715247436011,1715247435950838000,GATE,ETHUSDT,SELL,2964.95,0.12
1715247436011,1715247435950875000,GATE,ETHUSDT,SELL,2964.95,0.12
1715247436011,1715247435950903000,GATE,ETHUSDT,SELL,2964.95,0.15
1715247436011,1715247435950931000,GATE,ETHUSDT,SELL,2964.95,0.24
1715247436011,1715247435950958000,GATE,ETHUSDT,SELL,2964.95,0.27
1715247436011,1715247435950985000,GATE,ETHUSDT,SELL,2964.95,0.02
1715247436011,1715247435951013000,GATE,ETHUSDT,SELL,2964.95,0.52
1715247436011,1715247435951040000,GATE,ETHUSDT,SELL,2964.95,0.13
1715247436011,1715247435951078000,GATE,ETHUSDT,SELL,2964.95,0.02
1715247436011,1715247435951107000,GATE,ETHUSDT,SELL,2964.95,0.02
1715247436011,1715247435951135000,GATE,ETHUSDT,SELL,2964.95,1.1
1715247436013,1715247435951174000,GATE,ETHUSDT,SELL,2964.95,3.76
1715247436014,1715247435951223000,GATE,ETHUSDT,SELL,2964.95,2.53
1715247436014,1715247435951253000,GATE,ETHUSDT,SELL,2964.95,0.15
1715247436014,1715247435951281000,GATE,ETHUSDT,SELL,2964.95,0.65
1715247436014,1715247435951308000,GATE,ETHUSDT,SELL,2964.95,1.25
1715247436016,1715247435954362000,GATE,ETHUSDT,SELL,2964.95,2.65
1715247436433,1715247436364868000,GATE,ETHUSDT,SELL,2964.95,0.75
1715247436433,1715247436364938000,GATE,ETHUSDT,SELL,2964.95,0.15
1715247436453,1715247436385904000,GATE,ETHUSDT,SELL,2964.7,0.01
1715247437511,1715247437444711000,GATE,ETHUSDT,BUY,2964.5,0.01
1715247440402,1715247440336107000,GATE,ETHUSDT,BUY,2963.85,0.02
1715247441637,1715247441601995000,GATE,ETHUSDT,BUY,2963.85,0.02
1715247441637,1715247441602069000,GATE,ETHUSDT,BUY,2963.85,0.74
1715247441638,1715247441602129000,GATE,ETHUSDT,BUY,2963.85,0.22
1715247441963,1715247441899150000,GATE,ETHUSDT,BUY,2964,1
1715247442288,1715247442223560000,GATE,ETHUSDT,BUY,2964,0.43
1715247442288,1715247442223625000,GATE,ETHUSDT,BUY,2964,0.48
1715247442288,1715247442223660000,GATE,ETHUSDT,BUY,2964,0.27
1715247442288,1715247442224824000,GATE,ETHUSDT,BUY,2964,0.42
1715247442288,1715247442224879000,GATE,ETHUSDT,BUY,2964,0.45
1715247442288,1715247442224922000,GATE,ETHUSDT,BUY,2964,0.53
1715247442288,1715247442224964000,GATE,ETHUSDT,BUY,2964,0.48
1715247442288,1715247442225022000,GATE,ETHUSDT,BUY,2964,0.99
1715247442288,1715247442225068000,GATE,ETHUSDT,BUY,2964,0.65
1715247442288,1715247442226315000,GATE,ETHUSDT,BUY,2964.05,0.02
1715247442288,1715247442226374000,GATE,ETHUSDT,BUY,2964.05,0.02
1715247442288,1715247442226429000,GATE,ETHUSDT,BUY,2964.05,0.67
1715247442288,1715247442226504000,GATE,ETHUSDT,BUY,2964.1,4.59
1715247442565,1715247442507336000,GATE,ETHUSDT,BUY,2964.1,0.3
1715247442565,1715247442507455000,GATE,ETHUSDT,BUY,2964.1,0.14
1715247442565,1715247442507532000,GATE,ETHUSDT,BUY,2964.1,0.9
1715247442566,1715247442507607000,GATE,ETHUSDT,BUY,2964.1,0.09
1715247442566,1715247442507682000,GATE,ETHUSDT,BUY,2964.1,0.19
1715247442566,1715247442507758000,GATE,ETHUSDT,BUY,2964.1,0.16
1715247442566,1715247442507832000,GATE,ETHUSDT,BUY,2964.1,0.25
1715247442566,1715247442507941000,GATE,ETHUSDT,BUY,2964.1,0.16
1715247442566,1715247442508021000,GATE,ETHUSDT,BUY,2964.1,0.09
1715247442566,1715247442508113000,GATE,ETHUSDT,BUY,2964.1,0.65
1715247442566,1715247442508223000,GATE,ETHUSDT,BUY,2964.1,0.12
1715247442566,1715247442508281000,GATE,ETHUSDT,BUY,2964.1,0.36
1715247442566,1715247442508336000,GATE,ETHUSDT,BUY,2964.1,2.59
1715247443118,1715247443052724000,GATE,ETHUSDT,SELL,2964.05,0.12
1715247443118,1715247443052829000,GATE,ETHUSDT,SELL,2964.05,0.03
1715247443310,1715247443247919000,GATE,ETHUSDT,BUY,2964.1,0.01
1715247444952,1715247444883571000,GATE,ETHUSDT,BUY,2964.1,0.1
1715247446436,1715247446369110000,GATE,ETHUSDT,BUY,2964.55,0.15
1715247446756,1715247446687356000,GATE,ETHUSDT,BUY,2964.55,0.03
1715247448674,1715247448604574000,GATE,ETHUSDT,SELL,2964.1,0.94
1715247448686,1715247448616172000,GATE,ETHUSDT,BUY,2964.15,1.64
1715247448686,1715247448616211000,GATE,ETHUSDT,BUY,2964.15,0.47
1715247448889,1715247448825556000,GATE,ETHUSDT,SELL,2964.1,0.53
1715247448902,1715247448839241000,GATE,ETHUSDT,SELL,2964,0.01
1715247448963,1715247448897003000,GATE,ETHUSDT,SELL,2963.7,0.01
1715247448963,1715247448897081000,GATE,ETHUSDT,SELL,2963.7,0.31
1715247448968,1715247448904614000,GATE,ETHUSDT,SELL,2963.7,0.11
1715247448968,1715247448907438000,GATE,ETHUSDT,SELL,2963.7,0.07
1715247448968,1715247448907494000,GATE,ETHUSDT,SELL,2963.7,0.14
1715247448968,1715247448907537000,GATE,ETHUSDT,SELL,2963.7,0.26
1715247448969,1715247448909849000,GATE,ETHUSDT,SELL,2963.7,0.19
1715247448974,1715247448911739000,GATE,ETHUSDT,SELL,2963.7,0.11
1715247449472,1715247449404264000,GATE,ETHUSDT,BUY,2963.8,0.07
1715247449556,1715247449492889000,GATE,ETHUSDT,BUY,2963.8,0.01
1715247449570,1715247449503859000,GATE,ETHUSDT,BUY,2963.8,1
1715247452068,1715247452005636000,GATE,ETHUSDT,BUY,2964,5
1715247453158,1715247453089271000,GATE,ETHUSDT,BUY,2964,0.45
1715247453158,1715247453089375000,GATE,ETHUSDT,BUY,2964,0.41
1715247453158,1715247453089451000,GATE,ETHUSDT,BUY,2964,0.37
1715247453170,1715247453103670000,GATE,ETHUSDT,BUY,2964.05,0.03
1715247453201,1715247453140273000,GATE,ETHUSDT,BUY,2964.05,0.17
1715247453201,1715247453140378000,GATE,ETHUSDT,BUY,2964.1,0.01
1715247453209,1715247453145263000,GATE,ETHUSDT,BUY,2964.1,0.3
1715247453209,1715247453145351000,GATE,ETHUSDT,BUY,2964.1,0.3
1715247453210,1715247453145428000,GATE,ETHUSDT,BUY,2964.1,0.1
1715247453214,1715247453146951000,GATE,ETHUSDT,BUY,2964.1,0.29
1715247453216,1715247453154199000,GATE,ETHUSDT,BUY,2964.15,0.25
1715247453222,1715247453191321000,GATE,ETHUSDT,BUY,2964.15,0.21
1715247453222,1715247453191371000,GATE,ETHUSDT,BUY,2964.15,0.04
1715247453222,1715247453191405000,GATE,ETHUSDT,BUY,2964.15,0.3
1715247453226,1715247453191439000,GATE,ETHUSDT,BUY,2964.15,0.16
1715247453374,1715247453318675000,GATE,ETHUSDT,BUY,2964.5,0.77
1715247453374,1715247453324616000,GATE,ETHUSDT,BUY,2964.5,0.01
1715247453374,1715247453326606000,GATE,ETHUSDT,BUY,2964.65,0.51
1715247453374,1715247453326634000,GATE,ETHUSDT,BUY,2964.65,0.05
1715247453374,1715247453326658000,GATE,ETHUSDT,BUY,2964.7,8.09
1715247453374,1715247453326681000,GATE,ETHUSDT,BUY,2964.7,9.71
1715247453374,1715247453326705000,GATE,ETHUSDT,BUY,2964.7,1.12
1715247453374,1715247453326728000,GATE,ETHUSDT,BUY,2964.75,0.37
1715247453374,1715247453326751000,GATE,ETHUSDT,BUY,2964.75,0.36
1715247453374,1715247453326774000,GATE,ETHUSDT,BUY,2964.8,10.73
1715247453374,1715247453326798000,GATE,ETHUSDT,BUY,2964.8,0.51
1715247453374,1715247453326821000,GATE,ETHUSDT,BUY,2964.8,6.22
1715247453374,1715247453326844000,GATE,ETHUSDT,BUY,2964.8,11.83
1715247453374,1715247453326867000,GATE,ETHUSDT,BUY,2964.8,0.14
1715247453375,1715247453326891000,GATE,ETHUSDT,BUY,2964.85,2.07
1715247453375,1715247453326919000,GATE,ETHUSDT,BUY,2964.85,1.01
1715247453375,1715247453326942000,GATE,ETHUSDT,BUY,2964.85,0.03
1715247453375,1715247453326965000,GATE,ETHUSDT,BUY,2964.85,0.67
1715247453375,1715247453326989000,GATE,ETHUSDT,BUY,2964.9,5.59
1715247453375,1715247453327012000,GATE,ETHUSDT,BUY,2964.9,2.69
1715247453375,1715247453327035000,GATE,ETHUSDT,BUY,2964.9,6.22
1715247453375,1715247453327058000,GATE,ETHUSDT,BUY,2964.95,5.04
1715247453375,1715247453327081000,GATE,ETHUSDT,BUY,2964.95,0.1
1715247453375,1715247453327104000,GATE,ETHUSDT,BUY,2964.95,8.93
1715247453375,1715247453327127000,GATE,ETHUSDT,BUY,2964.95,5.5
1715247453375,1715247453327150000,GATE,ETHUSDT,BUY,2965,1
1715247453375,1715247453327180000,GATE,ETHUSDT,BUY,2965,5.6
1715247453375,1715247453327203000,GATE,ETHUSDT,BUY,2965,3.46
1715247453375,1715247453327227000,GATE,ETHUSDT,BUY,2965,5.22
1715247453375,1715247453327250000,GATE,ETHUSDT,BUY,2965,8.54
1715247453375,1715247453327273000,GATE,ETHUSDT,BUY,2965.05,6.28
1715247453375,1715247453327296000,GATE,ETHUSDT,BUY,2965.05,9.44
1715247453375,1715247453327319000,GATE,ETHUSDT,BUY,2965.05,5.58
1715247453375,1715247453327347000,GATE,ETHUSDT,BUY,2965.05,9.41
1715247453375,1715247453327370000,GATE,ETHUSDT,BUY,2965.1,5.59
1715247453375,1715247453327393000,GATE,ETHUSDT,BUY,2965.1,14.96
1715247453375,1715247453327417000,GATE,ETHUSDT,BUY,2965.1,0.02
1715247453375,1715247453327440000,GATE,ETHUSDT,BUY,2965.15,5.5
1715247453375,1715247453327463000,GATE,ETHUSDT,BUY,2965.15,0.51
1715247453375,1715247453327486000,GATE,ETHUSDT,BUY,2965.15,30.76
1715247453376,1715247453338029000,GATE,ETHUSDT,BUY,2965.15,0.32
1715247453376,1715247453338061000,GATE,ETHUSDT,BUY,2965.15,5.58
1715247453376,1715247453338095000,GATE,ETHUSDT,BUY,2965.2,5.59
1715247453376,1715247453338117000,GATE,ETHUSDT,BUY,2965.2,0.75
1715247453376,1715247453338137000,GATE,ETHUSDT,BUY,2965.2,0.31
1715247453376,1715247453338157000,GATE,ETHUSDT,BUY,2965.2,13.53
1715247453376,1715247453338179000,GATE,ETHUSDT,BUY,2965.2,1.77
1715247453376,1715247453338199000,GATE,ETHUSDT,BUY,2965.25,0.51
1715247453376,1715247453338219000,GATE,ETHUSDT,BUY,2965.25,5.59
1715247453376,1715247453338239000,GATE,ETHUSDT,BUY,2965.25,5.57
1715247453376,1715247453338270000,GATE,ETHUSDT,BUY,2965.25,5.58
1715247453376,1715247453338298000,GATE,ETHUSDT,BUY,2965.3,1
1715247453376,1715247453338319000,GATE,ETHUSDT,BUY,2965.3,0.06
1715247453376,1715247453338339000,GATE,ETHUSDT,BUY,2965.3,5.5
1715247453376,1715247453338359000,GATE,ETHUSDT,BUY,2965.3,10.24
1715247453376,1715247453342966000,GATE,ETHUSDT,BUY,2965.3,0.51
1715247453376,1715247453342992000,GATE,ETHUSDT,BUY,2965.3,0.56
1715247453376,1715247453343012000,GATE,ETHUSDT,BUY,2965.3,30.04
1715247453376,1715247453343033000,GATE,ETHUSDT,BUY,2965.35,5.6
1715247453376,1715247453343097000,GATE,ETHUSDT,BUY,2965.35,5.6
1715247453376,1715247453343147000,GATE,ETHUSDT,BUY,2965.35,5.57
1715247453376,1715247453343167000,GATE,ETHUSDT,BUY,2965.35,0.51
1715247453376,1715247453343187000,GATE,ETHUSDT,BUY,2965.35,1.69
1715247453376,1715247453343217000,GATE,ETHUSDT,BUY,2965.35,0.51
1715247453376,1715247453343238000,GATE,ETHUSDT,BUY,2965.35,0.33
1715247453376,1715247453343300000,GATE,ETHUSDT,BUY,2965.35,0.51
1715247453376,1715247453343348000,GATE,ETHUSDT,BUY,2965.35,0.51
1715247453376,1715247453343375000,GATE,ETHUSDT,BUY,2965.35,19.45
1715247453480,1715247453426074000,GATE,ETHUSDT,BUY,2965.35,0.1
1715247453480,1715247453426107000,GATE,ETHUSDT,BUY,2965.35,0.1
1715247453480,1715247453426135000,GATE,ETHUSDT,BUY,2965.35,0.1
1715247453480,1715247453426162000,GATE,ETHUSDT,BUY,2965.35,0.1
1715247453480,1715247453426201000,GATE,ETHUSDT,BUY,2965.35,0.1
1715247453480,1715247453426236000,GATE,ETHUSDT,BUY,2965.35,0.1
1715247453480,1715247453426264000,GATE,ETHUSDT,BUY,2965.35,0.1
1715247453481,1715247453426291000,GATE,ETHUSDT,BUY,2965.35,0.1
1715247453481,1715247453430389000,GATE,ETHUSDT,BUY,2965.35,0.1
1715247453481,1715247453430420000,GATE,ETHUSDT,BUY,2965.35,0.1
1715247453505,1715247453443759000,GATE,ETHUSDT,SELL,2965.3,1.32
1715247453546,1715247453484563000,GATE,ETHUSDT,SELL,2965.3,1.8
1715247453546,1715247453484636000,GATE,ETHUSDT,SELL,2965.3,0.27
1715247453546,1715247453484682000,GATE,ETHUSDT,SELL,2965.3,0.14
1715247453546,1715247453484725000,GATE,ETHUSDT,SELL,2965.3,0.22
1715247453546,1715247453484769000,GATE,ETHUSDT,SELL,2965.3,0.19
1715247453546,1715247453484812000,GATE,ETHUSDT,SELL,2965.3,0.67
1715247453546,1715247453484858000,GATE,ETHUSDT,SELL,2965.3,0.12
1715247453546,1715247453484901000,GATE,ETHUSDT,SELL,2965.3,0.16
1715247453546,1715247453484962000,GATE,ETHUSDT,SELL,2964.95,9.41
1715247453546,1715247453485024000,GATE,ETHUSDT,SELL,2964.95,5.58
1715247453546,1715247453485068000,GATE,ETHUSDT,SELL,2964.95,6.44
1715247454155,1715247454095497000,GATE,ETHUSDT,BUY,2965,0.1
1715247454589,1715247454519132000,GATE,ETHUSDT,SELL,2964.95,0.12
1715247454589,1715247454519175000,GATE,ETHUSDT,SELL,2964.95,0.48
1715247454589,1715247454519204000,GATE,ETHUSDT,SELL,2964.95,0.99
1715247454589,1715247454519231000,GATE,ETHUSDT,SELL,2964.95,0.41
1715247455015,1715247454949557000,GATE,ETHUSDT,BUY,2965,0.56
1715247455337,1715247455270941000,GATE,ETHUSDT,SELL,2964.95,0.01
1715247455741,1715247455673651000,GATE,ETHUSDT,SELL,2964.95,0.15
1715247455838,1715247455772614000,GATE,ETHUSDT,BUY,2964.7,0.05
1715247455992,1715247455925330000,GATE,ETHUSDT,SELL,2964.65,0.51
1715247455993,1715247455931583000,GATE,ETHUSDT,SELL,2964.65,0.47
1715247455993,1715247455931639000,GATE,ETHUSDT,SELL,2964.4,0.04
1715247459268,1715247459197829000,GATE,ETHUSDT,BUY,2964.7,0.01
1715247459815,1715247459747618000,GATE,ETHUSDT,SELL,2964.65,7.39
1715247459815,1715247459748860000,GATE,ETHUSDT,SELL,2964.65,0.16
1715247459815,1715247459750086000,GATE,ETHUSDT,SELL,2964.55,1.19
1715247459816,1715247459751385000,GATE,ETHUSDT,SELL,2964.45,1
1715247459816,1715247459751407000,GATE,ETHUSDT,SELL,2964.4,0.08
1715247459816,1715247459752605000,GATE,ETHUSDT,SELL,2964.4,0.06
1715247459816,1715247459752629000,GATE,ETHUSDT,SELL,2964.4,0.06
1715247459816,1715247459755471000,GATE,ETHUSDT,SELL,2964.35,0.05
1715247459816,1715247459755495000,GATE,ETHUSDT,SELL,2964.3,0.03
1715247459818,1715247459755516000,GATE,ETHUSDT,SELL,2964.3,0.19
1715247460199,1715247460134028000,GATE,ETHUSDT,SELL,2964.25,0.49
1715247460207,1715247460146411000,GATE,ETHUSDT,BUY,2964.3,11.08
1715247460208,1715247460146485000,GATE,ETHUSDT,BUY,2964.3,5.11
1715247460208,1715247460146529000,GATE,ETHUSDT,BUY,2964.3,0.12
1715247460208,1715247460146573000,GATE,ETHUSDT,BUY,2964.3,0.48
1715247460208,1715247460146616000,GATE,ETHUSDT,BUY,2964.3,0.99
1715247460208,1715247460146658000,GATE,ETHUSDT,BUY,2964.3,0.16
1715247460208,1715247460147613000,GATE,ETHUSDT,BUY,2964.3,0.42
1715247462141,1715247462073265000,GATE,ETHUSDT,SELL,2964.4,0.02
1715247462141,1715247462073292000,GATE,ETHUSDT,SELL,2964.4,0.14
1715247462288,1715247462226500000,GATE,ETHUSDT,BUY,2964.45,0.94
1715247462304,1715247462241285000,GATE,ETHUSDT,SELL,2964.4,0.28
1715247462304,1715247462245340000,GATE,ETHUSDT,SELL,2964.4,0.08
1715247462304,1715247462245393000,GATE,ETHUSDT,SELL,2964.4,0.09
1715247462304,1715247462245429000,GATE,ETHUSDT,SELL,2964.4,0.23
1715247462304,1715247462245465000,GATE,ETHUSDT,SELL,2964.4,0.39
1715247462304,1715247462245500000,GATE,ETHUSDT,SELL,2964.4,0.43
1715247463268,1715247463201216000,GATE,ETHUSDT,BUY,2964.45,0.2
1715247463470,1715247463400764000,GATE,ETHUSDT,SELL,2964.4,0.02
1715247463970,1715247463905125000,GATE,ETHUSDT,BUY,2964.45,0.5
1715247463989,1715247463924864000,GATE,ETHUSDT,BUY,2964.45,1
1715247464819,1715247464750372000,GATE,ETHUSDT,BUY,2964.45,0.7
1715247464819,1715247464753776000,GATE,ETHUSDT,BUY,2964.45,0.14
1715247466077,1715247466012292000,GATE,ETHUSDT,SELL,2964.4,0.16
1715247466453,1715247466386398000,GATE,ETHUSDT,BUY,2964.45,0.2
1715247467613,1715247467546240000,GATE,ETHUSDT,BUY,2964.45,0.22
1715247467613,1715247467546298000,GATE,ETHUSDT,BUY,2964.45,0.22
1715247467613,1715247467546367000,GATE,ETHUSDT,BUY,2964.45,0.48
1715247467613,1715247467550012000,GATE,ETHUSDT,BUY,2964.45,0.22
1715247467613,1715247467550082000,GATE,ETHUSDT,BUY,2964.45,0.58
1715247467613,1715247467550117000,GATE,ETHUSDT,BUY,2964.45,0.43
1715247467613,1715247467550154000,GATE,ETHUSDT,BUY,2964.45,0.53
1715247467613,1715247467550196000,GATE,ETHUSDT,BUY,2964.45,0.3
1715247467613,1715247467551241000,GATE,ETHUSDT,BUY,2964.45,0.65
1715247467613,1715247467551292000,GATE,ETHUSDT,BUY,2964.45,1.37
1715247469026,1715247468958991000,GATE,ETHUSDT,SELL,2964.4,1
1715247469026,1715247468959029000,GATE,ETHUSDT,SELL,2964.4,0.1
1715247469026,1715247468960540000,GATE,ETHUSDT,SELL,2964.4,0.27
1715247469026,1715247468960571000,GATE,ETHUSDT,SELL,2964.4,0.22
1715247469026,1715247468960595000,GATE,ETHUSDT,SELL,2964.4,0.53
1715247469027,1715247468960619000,GATE,ETHUSDT,SELL,2964.25,0.96
1715247469683,1715247469617501000,GATE,ETHUSDT,BUY,2964.3,5
1715247471173,1715247471104580000,GATE,ETHUSDT,BUY,2964.4,0.16
1715247471173,1715247471104608000,GATE,ETHUSDT,BUY,2964.5,0.01
1715247473594,1715247473525667000,GATE,ETHUSDT,BUY,2964.7,0.01
1715247473828,1715247473758445000,GATE,ETHUSDT,BUY,2964.7,0.1
1715247474402,1715247474337509000,GATE,ETHUSDT,BUY,2964.7,10.6
1715247474402,1715247474337541000,GATE,ETHUSDT,BUY,2964.7,0.27
1715247474402,1715247474337565000,GATE,ETHUSDT,BUY,2964.7,0.22
1715247474402,1715247474337589000,GATE,ETHUSDT,BUY,2964.7,0.53
1715247474402,1715247474338601000,GATE,ETHUSDT,BUY,2964.7,0.16
1715247474402,1715247474339909000,GATE,ETHUSDT,BUY,2964.7,0.3
1715247474402,1715247474342124000,GATE,ETHUSDT,BUY,2964.7,0.05
1715247474402,1715247474342173000,GATE,ETHUSDT,BUY,2964.7,0.09
1715247474560,1715247474493863000,GATE,ETHUSDT,BUY,2964.8,0.02
1715247474902,1715247474837621000,GATE,ETHUSDT,BUY,2964.95,0.14
1715247474902,1715247474837649000,GATE,ETHUSDT,BUY,2964.95,0.08
1715247474902,1715247474837670000,GATE,ETHUSDT,BUY,2965,0.67
1715247474902,1715247474837691000,GATE,ETHUSDT,BUY,2965.05,0.11
1715247474915,1715247474851584000,GATE,ETHUSDT,BUY,2965.05,0.5
1715247474946,1715247474879379000,GATE,ETHUSDT,BUY,2965.05,0.03
1715247474954,1715247474891753000,GATE,ETHUSDT,BUY,2965.05,0.01
1715247474968,1715247474898793000,GATE,ETHUSDT,BUY,2965.05,0.02
1715247474969,1715247474902219000,GATE,ETHUSDT,BUY,2965.05,0.03
1715247474979,1715247474915476000,GATE,ETHUSDT,BUY,2965.05,0.02
1715247474982,1715247474940082000,GATE,ETHUSDT,BUY,2965.05,0.04
1715247474982,1715247474940133000,GATE,ETHUSDT,BUY,2965.05,0.02
1715247474989,1715247474940176000,GATE,ETHUSDT,BUY,2965.05,0.18
1715247474991,1715247474940238000,GATE,ETHUSDT,BUY,2965.05,0.02
1715247474996,1715247474940290000,GATE,ETHUSDT,BUY,2965.05,0.01
1715247475000,1715247474940332000,GATE,ETHUSDT,BUY,2965.05,0.17
1715247475003,1715247474945164000,GATE,ETHUSDT,BUY,2965.05,0.03
1715247475011,1715247474948752000,GATE,ETHUSDT,BUY,2965.05,0.04
1715247475024,1715247474959188000,GATE,ETHUSDT,BUY,2965.05,0.02
1715247475025,1715247474959241000,GATE,ETHUSDT,BUY,2965.05,0.05
1715247475045,1715247474977543000,GATE,ETHUSDT,BUY,2965.05,0.43
1715247475045,1715247474977655000,GATE,ETHUSDT,BUY,2965.05,0.23
1715247475045,1715247474977731000,GATE,ETHUSDT,BUY,2965.15,0.45
1715247475349,1715247475281861000,GATE,ETHUSDT,BUY,2965.15,0.06
1715247475349,1715247475283444000,GATE,ETHUSDT,BUY,2965.15,2.48
1715247475349,1715247475283483000,GATE,ETHUSDT,BUY,2965.2,0.15
1715247475350,1715247475283516000,GATE,ETHUSDT,BUY,2965.2,0.36
1715247475351,1715247475283564000,GATE,ETHUSDT,BUY,2965.25,0.67
1715247475351,1715247475283607000,GATE,ETHUSDT,BUY,2965.3,1.4
1715247475351,1715247475283641000,GATE,ETHUSDT,BUY,2965.3,0.05
1715247475351,1715247475283674000,GATE,ETHUSDT,BUY,2965.4,0.21
1715247476871,1715247476803146000,GATE,ETHUSDT,BUY,2965.45,0.16
1715247476871,1715247476804345000,GATE,ETHUSDT,BUY,2965.45,0.17
1715247477910,1715247477840935000,GATE,ETHUSDT,BUY,2965.45,0.16
1715247477910,1715247477843836000,GATE,ETHUSDT,BUY,2965.45,0.16
1715247477910,1715247477843870000,GATE,ETHUSDT,BUY,2965.45,0.3
1715247477911,1715247477843898000,GATE,ETHUSDT,BUY,2965.55,0.67
1715247477911,1715247477843926000,GATE,ETHUSDT,BUY,2965.6,0.05
1715247477911,1715247477843953000,GATE,ETHUSDT,BUY,2965.65,1.01
1715247477911,1715247477843980000,GATE,ETHUSDT,BUY,2965.65,0.67
1715247477911,1715247477844007000,GATE,ETHUSDT,BUY,2965.75,1.11
1715247477911,1715247477844034000,GATE,ETHUSDT,BUY,2965.75,0.67
1715247477911,1715247477844061000,GATE,ETHUSDT,BUY,2965.75,0.05
1715247477911,1715247477844088000,GATE,ETHUSDT,BUY,2965.75,8.09
1715247477911,1715247477844115000,GATE,ETHUSDT,BUY,2965.8,0.51
1715247477911,1715247477844142000,GATE,ETHUSDT,BUY,2965.8,3.2
1715247479053,1715247478988554000,GATE,ETHUSDT,BUY,2965.85,0.14
1715247479131,1715247479065781000,GATE,ETHUSDT,BUY,2965.85,0.53
1715247479131,1715247479065856000,GATE,ETHUSDT,BUY,2965.85,0.12
1715247479131,1715247479065881000,GATE,ETHUSDT,BUY,2965.85,0.41
1715247479131,1715247479066703000,GATE,ETHUSDT,BUY,2965.85,8.09
1715247479131,1715247479066731000,GATE,ETHUSDT,BUY,2965.85,1
1715247479131,1715247479066782000,GATE,ETHUSDT,BUY,2965.85,6.74
1715247479131,1715247479068377000,GATE,ETHUSDT,BUY,2965.85,9.71
1715247479131,1715247479078987000,GATE,ETHUSDT,BUY,2965.85,2.4
1715247479131,1715247479079012000,GATE,ETHUSDT,BUY,2965.85,5.5
1715247479131,1715247479079036000,GATE,ETHUSDT,BUY,2965.9,11.62
1715247479131,1715247479091089000,GATE,ETHUSDT,BUY,2965.9,0.67
1715247479131,1715247479091118000,GATE,ETHUSDT,BUY,2965.95,0.67
1715247479131,1715247479091138000,GATE,ETHUSDT,BUY,2966,0.51
1715247479132,1715247479091159000,GATE,ETHUSDT,BUY,2966,0.51
1715247479132,1715247479091179000,GATE,ETHUSDT,BUY,2966,0.67
1715247479132,1715247479091199000,GATE,ETHUSDT,BUY,2966,1.11
1715247479132,1715247479091226000,GATE,ETHUSDT,BUY,2966,0.03
1715247479132,1715247479091246000,GATE,ETHUSDT,BUY,2966.05,0.06
1715247479132,1715247479091267000,GATE,ETHUSDT,BUY,2966.05,0.67
1715247479132,1715247479168617000,GATE,ETHUSDT,BUY,2966.05,0.5
1715247479132,1715247479168657000,GATE,ETHUSDT,BUY,2966.05,0.01
1715247480055,1715247480004106000,GATE,ETHUSDT,BUY,2966.1,0.09
1715247480055,1715247480004147000,GATE,ETHUSDT,BUY,2966.1,0.11
1715247480055,1715247480004171000,GATE,ETHUSDT,BUY,2966.1,1.25
1715247481702,1715247481636075000,GATE,ETHUSDT,BUY,2966.15,0.67
1715247481702,1715247481636129000,GATE,ETHUSDT,BUY,2966.15,0.12
1715247481702,1715247481636172000,GATE,ETHUSDT,BUY,2966.15,0.96
1715247481702,1715247481636215000,GATE,ETHUSDT,BUY,2966.15,1
1715247481702,1715247481636257000,GATE,ETHUSDT,BUY,2966.15,5.5
1715247481702,1715247481636323000,GATE,ETHUSDT,BUY,2966.15,7.63
1715247483157,1715247483093062000,GATE,ETHUSDT,BUY,2966.1,0.16
1715247483157,1715247483095007000,GATE,ETHUSDT,BUY,2966.35,0.51
1715247483157,1715247483095031000,GATE,ETHUSDT,BUY,2966.35,0.33
1715247483219,1715247483154039000,GATE,ETHUSDT,BUY,2966.35,0.04
1715247483539,1715247483473724000,GATE,ETHUSDT,BUY,2966.35,0.3
1715247483539,1715247483473763000,GATE,ETHUSDT,BUY,2966.35,0.16
1715247483539,1715247483473791000,GATE,ETHUSDT,BUY,2966.35,0.04
1715247483541,1715247483477133000,GATE,ETHUSDT,BUY,2966.35,0.5
1715247484614,1715247484547279000,GATE,ETHUSDT,BUY,2966.35,0.45
1715247484700,1715247484638761000,GATE,ETHUSDT,BUY,2966.35,0.16
1715247485580,1715247485513466000,GATE,ETHUSDT,SELL,2966.3,0.06
1715247485593,1715247485526007000,GATE,ETHUSDT,SELL,2966.3,0.04
1715247485920,1715247485854211000,GATE,ETHUSDT,SELL,2965.8,0.3
1715247485922,1715247485854295000,GATE,ETHUSDT,BUY,2965.85,1.18
1715247485935,1715247485864925000,GATE,ETHUSDT,SELL,2965.8,0.27
1715247485938,1715247485878531000,GATE,ETHUSDT,SELL,2965.8,0.29
1715247485946,1715247485878597000,GATE,ETHUSDT,SELL,2965.8,0.14
1715247485946,1715247485879117000,GATE,ETHUSDT,SELL,2965.45,0.17
1715247486203,1715247486145518000,GATE,ETHUSDT,SELL,2965.4,0.01
1715247486371,1715247486308456000,GATE,ETHUSDT,BUY,2965.3,0.25
1715247486825,1715247486759001000,GATE,ETHUSDT,BUY,2965.3,1.53
1715247486825,1715247486759045000,GATE,ETHUSDT,BUY,2965.3,16.5
1715247486825,1715247486759080000,GATE,ETHUSDT,BUY,2965.3,5.11
1715247487626,1715247487558049000,GATE,ETHUSDT,BUY,2965.8,0.12
1715247487626,1715247487558108000,GATE,ETHUSDT,BUY,2965.95,0.1
1715247488180,1715247488113352000,GATE,ETHUSDT,BUY,2965.95,0.41
1715247488180,1715247488113396000,GATE,ETHUSDT,BUY,2965.95,1.11
1715247488180,1715247488113431000,GATE,ETHUSDT,BUY,2965.95,0.15
1715247488180,1715247488113464000,GATE,ETHUSDT,BUY,2965.95,0.33
1715247488188,1715247488119241000,GATE,ETHUSDT,BUY,2965.95,0.1
1715247489987,1715247489924687000,GATE,ETHUSDT,BUY,2966.15,0.16
1715247489987,1715247489926215000,GATE,ETHUSDT,BUY,2966.15,0.51
1715247489987,1715247489926254000,GATE,ETHUSDT,BUY,2966.15,0.51
1715247489987,1715247489926289000,GATE,ETHUSDT,BUY,2966.15,0.51
1715247489987,1715247489926337000,GATE,ETHUSDT,BUY,2966.15,4.31
1715247490313,1715247490246628000,GATE,ETHUSDT,SELL,2966.1,0.15
1715247490367,1715247490350267000,GATE,ETHUSDT,BUY,2965.75,0.64
1715247490367,1715247490350302000,GATE,ETHUSDT,BUY,2965.75,1.64
1715247490367,1715247490350331000,GATE,ETHUSDT,BUY,2965.75,2.43
1715247490367,1715247490350359000,GATE,ETHUSDT,BUY,2965.75,0.39
1715247490367,1715247490350386000,GATE,ETHUSDT,BUY,2965.75,0.83
1715247490367,1715247490350428000,GATE,ETHUSDT,BUY,2965.75,0.96
1715247490367,1715247490350462000,GATE,ETHUSDT,BUY,2965.75,0.96
1715247490367,1715247490350490000,GATE,ETHUSDT,BUY,2965.75,0.83
1715247490367,1715247490350517000,GATE,ETHUSDT,BUY,2965.75,11.08
1715247490367,1715247490350554000,GATE,ETHUSDT,BUY,2965.75,0.27
1715247490367,1715247490350583000,GATE,ETHUSDT,BUY,2965.75,2.4
1715247490367,1715247490350610000,GATE,ETHUSDT,BUY,2965.75,0.12
1715247490367,1715247490350649000,GATE,ETHUSDT,BUY,2965.75,0.12
1715247490367,1715247490350680000,GATE,ETHUSDT,BUY,2965.75,2.34
1715247490367,1715247490350708000,GATE,ETHUSDT,BUY,2965.75,5.11
1715247490367,1715247490350735000,GATE,ETHUSDT,BUY,2965.75,0.96
1715247490367,1715247490350772000,GATE,ETHUSDT,BUY,2965.75,0.12
1715247490367,1715247490350800000,GATE,ETHUSDT,BUY,2965.75,3.51
1715247490367,1715247490350827000,GATE,ETHUSDT,BUY,2965.75,1
1715247490367,1715247490350862000,GATE,ETHUSDT,BUY,2965.75,4.35
1715247490368,1715247490350889000,GATE,ETHUSDT,BUY,2965.75,0.67
1715247490368,1715247490353232000,GATE,ETHUSDT,BUY,2965.75,9.2
1715247490368,1715247490353263000,GATE,ETHUSDT,BUY,2965.75,0.96
1715247490368,1715247490353290000,GATE,ETHUSDT,BUY,2965.75,5.5
1715247490368,1715247490353320000,GATE,ETHUSDT,BUY,2965.75,0.27
1715247490368,1715247490354942000,GATE,ETHUSDT,BUY,2965.75,4.8
1715247490368,1715247490354972000,GATE,ETHUSDT,BUY,2965.75,1.47
1715247490369,1715247490354999000,GATE,ETHUSDT,BUY,2965.75,0.43
1715247490369,1715247490355026000,GATE,ETHUSDT,BUY,2965.75,5.72
1715247490371,1715247490355053000,GATE,ETHUSDT,BUY,2965.75,2.37
1715247490375,1715247490355095000,GATE,ETHUSDT,BUY,2965.9,2.62
1715247490385,1715247490355122000,GATE,ETHUSDT,BUY,2965.95,1.9
1715247490385,1715247490355156000,GATE,ETHUSDT,BUY,2966,1.49
1715247490982,1715247490920509000,GATE,ETHUSDT,SELL,2966.1,0.16
1715247490982,1715247490920543000,GATE,ETHUSDT,SELL,2966.05,0.96
1715247491922,1715247491858399000,GATE,ETHUSDT,SELL,2965.85,0.27
1715247491923,1715247491858521000,GATE,ETHUSDT,SELL,2965.85,0.47
1715247493133,1715247493065626000,GATE,ETHUSDT,BUY,2965.8,0.01
1715247494895,1715247494829158000,GATE,ETHUSDT,SELL,2965.7,0.03
1715247494895,1715247494829271000,GATE,ETHUSDT,SELL,2965.55,0.25
1715247495090,1715247495021622000,GATE,ETHUSDT,SELL,2965.55,0.13
1715247495288,1715247495219821000,GATE,ETHUSDT,SELL,2965.55,0.12
1715247495693,1715247495627893000,GATE,ETHUSDT,SELL,2965.55,0.26
1715247495694,1715247495628003000,GATE,ETHUSDT,SELL,2965.55,0.33
1715247495695,1715247495628080000,GATE,ETHUSDT,SELL,2965.55,0.27
1715247495696,1715247495628350000,GATE,ETHUSDT,SELL,2965.55,0.11
1715247495700,1715247495633060000,GATE,ETHUSDT,SELL,2965.55,0.3
1715247495992,1715247495925236000,GATE,ETHUSDT,BUY,2965.6,1
1715247496057,1715247495988958000,GATE,ETHUSDT,SELL,2965.55,3.23
1715247496537,1715247496471525000,GATE,ETHUSDT,SELL,2965.3,1.32
1715247496537,1715247496471638000,GATE,ETHUSDT,SELL,2965.3,0.22
1715247496537,1715247496471713000,GATE,ETHUSDT,SELL,2965.3,0.27
1715247496537,1715247496472583000,GATE,ETHUSDT,SELL,2965.3,0.42
1715247496537,1715247496472665000,GATE,ETHUSDT,SELL,2965.3,0.48
1715247496537,1715247496472769000,GATE,ETHUSDT,SELL,2965.3,0.48
1715247496537,1715247496472868000,GATE,ETHUSDT,SELL,2965.3,0.45
1715247496537,1715247496472942000,GATE,ETHUSDT,SELL,2965.15,0.36
1715247497723,1715247497657367000,GATE,ETHUSDT,BUY,2965.2,0.01
1715247498276,1715247498216652000,GATE,ETHUSDT,SELL,2965.15,0.65
1715247498276,1715247498216761000,GATE,ETHUSDT,SELL,2965.15,7.39
1715247498276,1715247498216807000,GATE,ETHUSDT,SELL,2965.15,0.05
1715247498290,1715247498228120000,GATE,ETHUSDT,SELL,2965,0.27
1715247498774,1715247498710236000,GATE,ETHUSDT,SELL,2965,0.73
1715247498774,1715247498710284000,GATE,ETHUSDT,SELL,2965,0.04
1715247498774,1715247498710365000,GATE,ETHUSDT,SELL,2965,0.14
1715247498774,1715247498710450000,GATE,ETHUSDT,SELL,2965,0.65
1715247498775,1715247498710483000,GATE,ETHUSDT,SELL,2965,0.23
1715247498775,1715247498710518000,GATE,ETHUSDT,SELL,2965,0.16
1715247498775,1715247498710551000,GATE,ETHUSDT,SELL,2965,0.15
1715247498775,1715247498710585000,GATE,ETHUSDT,SELL,2965,0.08
1715247498775,1715247498710617000,GATE,ETHUSDT,SELL,2965,0.16
1715247498775,1715247498710650000,GATE,ETHUSDT,SELL,2965,0.1
1715247499521,1715247499454102000,GATE,ETHUSDT,BUY,2965.05,0.04
1715247499521,1715247499454148000,GATE,ETHUSDT,BUY,2965.05,0.96
1715247500156,1715247500089139000,GATE,ETHUSDT,BUY,2964.85,0.05
1715247501369,1715247501301389000,GATE,ETHUSDT,BUY,2964.85,0.48
1715247501369,1715247501301444000,GATE,ETHUSDT,BUY,2964.85,0.48
1715247501369,1715247501301489000,GATE,ETHUSDT,BUY,2964.85,0.27
1715247501369,1715247501302977000,GATE,ETHUSDT,BUY,2964.85,0.22
1715247501369,1715247501303053000,GATE,ETHUSDT,BUY,2964.85,0.1
1715247501369,1715247501305017000,GATE,ETHUSDT,BUY,2964.85,0.03
1715247501369,1715247501305070000,GATE,ETHUSDT,BUY,2964.85,0.42
1715247501369,1715247501305114000,GATE,ETHUSDT,BUY,2964.85,0.35
1715247501369,1715247501305157000,GATE,ETHUSDT,BUY,2965,2.65
1715247502471,1715247502405187000,GATE,ETHUSDT,BUY,2965.05,0.04
1715247502471,1715247502405249000,GATE,ETHUSDT,BUY,2965.05,3.33
1715247506461,1715247506392372000,GATE,ETHUSDT,BUY,2965.05,0.16
1715247506461,1715247506392423000,GATE,ETHUSDT,BUY,2965.05,0.09
1715247506462,1715247506393689000,GATE,ETHUSDT,BUY,2965.05,0.08
1715247507608,1715247507541113000,GATE,ETHUSDT,BUY,2965.25,0.16
1715247507608,1715247507541226000,GATE,ETHUSDT,BUY,2965.25,0.58
1715247508294,1715247508227984000,GATE,ETHUSDT,BUY,2965.25,0.02
1715247508622,1715247508557167000,GATE,ETHUSDT,BUY,2965.25,0.05
1715247508622,1715247508557198000,GATE,ETHUSDT,BUY,2965.25,0.14
1715247508622,1715247508557222000,GATE,ETHUSDT,BUY,2965.25,0.16
1715247508622,1715247508557246000,GATE,ETHUSDT,BUY,2965.25,0.65
1715247508622,1715247508557269000,GATE,ETHUSDT,BUY,2965.25,0.02
1715247508629,1715247508559566000,GATE,ETHUSDT,SELL,2965.2,0.16
1715247508940,1715247508872300000,GATE,ETHUSDT,BUY,2965.15,0.98
1715247510116,1715247510049230000,GATE,ETHUSDT,SELL,2965.1,11.86
1715247510116,1715247510049340000,GATE,ETHUSDT,SELL,2965.1,0.27
1715247510116,1715247510049416000,GATE,ETHUSDT,SELL,2965.1,0.67
1715247510116,1715247510049586000,GATE,ETHUSDT,SELL,2965.1,0.53
1715247510116,1715247510051000000,GATE,ETHUSDT,SELL,2965.1,0.3
1715247510116,1715247510051095000,GATE,ETHUSDT,SELL,2965.1,0.22
1715247510116,1715247510051171000,GATE,ETHUSDT,SELL,2965.1,0.42
1715247510116,1715247510052135000,GATE,ETHUSDT,SELL,2965.05,0.67
1715247510116,1715247510052190000,GATE,ETHUSDT,SELL,2965,0.25
1715247510116,1715247510052233000,GATE,ETHUSDT,SELL,2965,0.3
1715247510117,1715247510052276000,GATE,ETHUSDT,SELL,2965,0.67
1715247511526,1715247511457364000,GATE,ETHUSDT,SELL,2964.95,0.67
1715247511526,1715247511457420000,GATE,ETHUSDT,SELL,2964.95,0.1
1715247511679,1715247511612593000,GATE,ETHUSDT,BUY,2965,15.16
1715247511679,1715247511612652000,GATE,ETHUSDT,BUY,2965,8.68
1715247511680,1715247511612688000,GATE,ETHUSDT,BUY,2965,0.1
1715247511680,1715247511612723000,GATE,ETHUSDT,BUY,2965,0.27
1715247511699,1715247511633788000,GATE,ETHUSDT,BUY,2965.15,0.15
1715247512095,1715247512032911000,GATE,ETHUSDT,SELL,2965.55,0.01
1715247512252,1715247512192723000,GATE,ETHUSDT,SELL,2965.55,0.63
1715247512252,1715247512192776000,GATE,ETHUSDT,SELL,2965.55,0.26
1715247512252,1715247512192804000,GATE,ETHUSDT,SELL,2965.55,0.11
1715247512356,1715247512288854000,GATE,ETHUSDT,BUY,2965.6,0.5
1715247512490,1715247512423875000,GATE,ETHUSDT,SELL,2965.55,0.34
1715247512490,1715247512423959000,GATE,ETHUSDT,SELL,2965.55,0.46
1715247513103,1715247513032468000,GATE,ETHUSDT,SELL,2965.55,0.1
1715247513538,1715247513476079000,GATE,ETHUSDT,SELL,2965.55,0.08
1715247513538,1715247513476113000,GATE,ETHUSDT,SELL,2965.55,0.15
1715247513796,1715247513730237000,GATE,ETHUSDT,SELL,2965.35,0.38
1715247513797,1715247513734984000,GATE,ETHUSDT,SELL,2965.35,0.38
1715247513797,1715247513735077000,GATE,ETHUSDT,SELL,2965.35,0.4
1715247513798,1715247513739651000,GATE,ETHUSDT,SELL,2965.35,0.4
1715247513800,1715247513739749000,GATE,ETHUSDT,SELL,2965.35,0.1
1715247514062,1715247513993535000,GATE,ETHUSDT,BUY,2965.05,0.1
1715247514695,1715247514624915000,GATE,ETHUSDT,BUY,2964.85,0.3
1715247515207,1715247515146923000,GATE,ETHUSDT,BUY,2964.85,0.53
1715247515207,1715247515146953000,GATE,ETHUSDT,BUY,2964.85,0.1
1715247515207,1715247515146981000,GATE,ETHUSDT,BUY,2964.85,0.22
1715247515207,1715247515147009000,GATE,ETHUSDT,BUY,2964.85,0.15
1715247515262,1715247515194558000,GATE,ETHUSDT,BUY,2965.05,0.04
1715247515263,1715247515198271000,GATE,ETHUSDT,BUY,2965.1,0.51
1715247515264,1715247515199884000,GATE,ETHUSDT,BUY,2965.15,0.51
1715247519788,1715247519721226000,GATE,ETHUSDT,BUY,2965.5,0.01
1715247519788,1715247519721272000,GATE,ETHUSDT,BUY,2965.5,0.08
1715247519788,1715247519721299000,GATE,ETHUSDT,BUY,2965.5,0.23
1715247519788,1715247519722316000,GATE,ETHUSDT,BUY,2965.5,0.04
1715247520446,1715247520377538000,GATE,ETHUSDT,BUY,2965.5,0.03
1715247520448,1715247520382767000,GATE,ETHUSDT,BUY,2965.5,0.35
1715247520448,1715247520382797000,GATE,ETHUSDT,BUY,2965.5,0.15
1715247526500,1715247526436394000,GATE,ETHUSDT,BUY,2965.45,0.21
1715247526500,1715247526436474000,GATE,ETHUSDT,BUY,2965.45,0.29
1715247526500,1715247526436517000,GATE,ETHUSDT,BUY,2965.45,0.5
1715247527930,1715247527861785000,GATE,ETHUSDT,BUY,2965.5,0.16
1715247527930,1715247527861832000,GATE,ETHUSDT,BUY,2965.6,2.84
1715247528033,1715247527967767000,GATE,ETHUSDT,BUY,2965.6,0.3
1715247528035,1715247527967853000,GATE,ETHUSDT,BUY,2965.75,0.51
1715247528036,1715247527967878000,GATE,ETHUSDT,BUY,2965.8,0.05
1715247528037,1715247527967901000,GATE,ETHUSDT,BUY,2965.85,0.51
1715247528037,1715247527967951000,GATE,ETHUSDT,BUY,2965.85,0.51
1715247528037,1715247527969623000,GATE,ETHUSDT,BUY,2965.85,0.51
1715247528037,1715247527969652000,GATE,ETHUSDT,BUY,2965.85,0.51
1715247529812,1715247529744946000,GATE,ETHUSDT,BUY,2966.25,0.27
1715247531152,1715247531087995000,GATE,ETHUSDT,BUY,2966.95,0.67
1715247531152,1715247531088081000,GATE,ETHUSDT,BUY,2967.05,0.02
1715247531152,1715247531088137000,GATE,ETHUSDT,BUY,2967.05,0.67
1715247531152,1715247531088191000,GATE,ETHUSDT,BUY,2967.1,0.05
1715247531152,1715247531088246000,GATE,ETHUSDT,BUY,2967.15,3.59
1715247532188,1715247532127113000,GATE,ETHUSDT,BUY,2967.15,10
1715247536308,1715247536241756000,GATE,ETHUSDT,SELL,2967.5,0.05
1715247536615,1715247536548517000,GATE,ETHUSDT,SELL,2967.5,0.5
1715247537189,1715247537127503000,GATE,ETHUSDT,BUY,2967.6,0.01
1715247537190,1715247537127575000,GATE,ETHUSDT,BUY,2967.6,1.53
1715247537853,1715247537785012000,GATE,ETHUSDT,BUY,2967.6,0.03
1715247537948,1715247537881058000,GATE,ETHUSDT,BUY,2967.75,0.03
1715247537999,1715247537939177000,GATE,ETHUSDT,SELL,2967.95,0.3
1715247539363,1715247539296079000,GATE,ETHUSDT,BUY,2968,0.01
1715247539363,1715247539296107000,GATE,ETHUSDT,BUY,2968,0.01
1715247539364,1715247539296128000,GATE,ETHUSDT,BUY,2968,0.01
1715247541868,1715247541799729000,GATE,ETHUSDT,SELL,2968.35,0.47
1715247541868,1715247541799778000,GATE,ETHUSDT,SELL,2968.35,0.15
1715247541868,1715247541799815000,GATE,ETHUSDT,SELL,2968.35,0.38
1715247542410,1715247542346058000,GATE,ETHUSDT,SELL,2968.35,1.26
1715247542410,1715247542346144000,GATE,ETHUSDT,SELL,2968.35,0.23
1715247542410,1715247542346186000,GATE,ETHUSDT,SELL,2968.35,3.51
1715247542439,1715247542373616000,GATE,ETHUSDT,SELL,2968.35,0.05
1715247542455,1715247542392112000,GATE,ETHUSDT,BUY,2968.4,0.01
1715247542455,1715247542417505000,GATE,ETHUSDT,BUY,2968.45,0.02
1715247542455,1715247542417560000,GATE,ETHUSDT,BUY,2968.45,0.26
1715247543002,1715247542937217000,GATE,ETHUSDT,BUY,2968.55,0.67
1715247543002,1715247542937285000,GATE,ETHUSDT,BUY,2968.55,0.45
1715247543002,1715247542937329000,GATE,ETHUSDT,BUY,2968.55,0.75
1715247543002,1715247542937372000,GATE,ETHUSDT,BUY,2968.55,1.87
1715247543274,1715247543208526000,GATE,ETHUSDT,SELL,2968.5,2.93
1715247543279,1715247543216135000,GATE,ETHUSDT,SELL,2968.5,1.62
1715247543283,1715247543220181000,GATE,ETHUSDT,SELL,2968.5,1.76
1715247543284,1715247543220237000,GATE,ETHUSDT,SELL,2968.5,1.28
1715247543284,1715247543220281000,GATE,ETHUSDT,SELL,2968.5,0.03
1715247543284,1715247543220323000,GATE,ETHUSDT,SELL,2968.5,0.03
1715247543286,1715247543220379000,GATE,ETHUSDT,SELL,2968.5,2.14
1715247543287,1715247543225538000,GATE,ETHUSDT,SELL,2968.5,2.26
1715247543288,1715247543227123000,GATE,ETHUSDT,SELL,2968.5,6.37
1715247543290,1715247543227176000,GATE,ETHUSDT,SELL,2968.5,0.21
1715247543293,1715247543230931000,GATE,ETHUSDT,SELL,2968.5,0.25
1715247543293,1715247543230982000,GATE,ETHUSDT,SELL,2968.5,0.73
1715247543523,1715247543474769000,GATE,ETHUSDT,SELL,2968.1,0.01
1715247545460,1715247545396216000,GATE,ETHUSDT,SELL,2968,1.54
1715247545870,1715247545804170000,GATE,ETHUSDT,SELL,2968,0.01
1715247546187,1715247546119378000,GATE,ETHUSDT,SELL,2968,1.95
1715247546187,1715247546119476000,GATE,ETHUSDT,SELL,2967.7,0.82
1715247546618,1715247546549690000,GATE,ETHUSDT,SELL,2967.7,0.22
1715247546618,1715247546549723000,GATE,ETHUSDT,SELL,2967.7,0.27
1715247547141,1715247547072624000,GATE,ETHUSDT,BUY,2967.55,0.2
1715247547394,1715247547327224000,GATE,ETHUSDT,SELL,2967.5,0.01
1715247547394,1715247547327335000,GATE,ETHUSDT,SELL,2967.5,0.04
1715247547635,1715247547565837000,GATE,ETHUSDT,BUY,2967.55,3
1715247549436,1715247549373181000,GATE,ETHUSDT,BUY,2967.8,0.01
1715247551587,1715247551526916000,GATE,ETHUSDT,BUY,2968.6,1
1715247552008,1715247551942954000,GATE,ETHUSDT,SELL,2968.75,0.05
1715247556180,1715247556112285000,GATE,ETHUSDT,BUY,2968.65,1.64
1715247556180,1715247556112361000,GATE,ETHUSDT,BUY,2968.65,0.15
1715247556664,1715247556595717000,GATE,ETHUSDT,SELL,2968.6,0.08
1715247556664,1715247556595762000,GATE,ETHUSDT,SELL,2968.6,0.1
