timestamp,local_timestamp,exchange,symbol,ask_1_price,ask_1_qty,ask_2_price,ask_2_qty,ask_3_price,ask_3_qty,ask_4_price,ask_4_qty,ask_5_price,ask_5_qty,ask_6_price,ask_6_qty,ask_7_price,ask_7_qty,ask_8_price,ask_8_qty,ask_9_price,ask_9_qty,ask_10_price,ask_10_qty,bid_1_price,bid_1_qty,bid_2_price,bid_2_qty,bid_3_price,bid_3_qty,bid_4_price,bid_4_qty,bid_5_price,bid_5_qty,bid_6_price,bid_6_qty,bid_7_price,bid_7_qty,bid_8_price,bid_8_qty,bid_9_price,bid_9_qty,bid_10_price,bid_10_qty
1715247432269,1715247432236125000,BINANCE,ETHUSDT,2963.49,51.416,2963.5,2.384,2963.51,0.673,2963.52,0.015,2963.55,0.673,2963.56,0.688,2963.57,0.01,2963.59,0.673,2963.6,0.015,2963.61,4,2963.48,46.83,2963.46,0.012,2963.45,0.069,2963.44,1.701,2963.43,0.107,2963.42,0.089,2963.4,0.157,2963.39,0.264,2963.38,0.048,2963.36,0.695
1715247432528,1715247432461241000,BINANCE,ETHUSDT,2963.51,23.242,2963.52,0.015,2963.55,0.673,2963.56,0.688,2963.59,0.673,2963.6,0.015,2963.62,2.024,2963.63,0.673,2963.64,0.065,2963.67,0.68,2963.5,45.886,2963.49,2.546,2963.48,19.8,2963.46,0.012,2963.45,0.069,2963.44,1.701,2963.43,0.124,2963.42,0.022,2963.4,0.157,2963.39,0.264
1715247432792,1715247432741063000,BINANCE,ETHUSDT,2963.01,56.241,2963.02,2.7,2963.04,0.688,2963.05,2,2963.08,0.688,2963.1,0.256,2963.11,1.988,2963.12,9.232,2963.15,0.333,2963.16,3.655,2963,26.694,2962.99,1.67,2962.96,0.025,2962.94,0.13,2962.93,7.577,2962.92,0.063,2962.91,0.031,2962.88,1.765,2962.87,0.051,2962.86,0.058
1715247433025,1715247433021849000,BINANCE,ETHUSDT,2963.3,29.45,2963.31,22.65,2963.32,13.849,2963.33,13.605,2963.34,13.462,2963.35,5,2963.36,6.746,2963.38,0.007,2963.4,0.015,2963.41,15.469,2963.26,9.582,2963.25,20.333,2963.24,20.332,2963.23,20.331,2963.22,20.33,2963.21,20.329,2963.2,20.328,2963.19,22.337,2963.18,16.336,2963.17,20.335
1715247433318,1715247433265822000,BINANCE,ETHUSDT,2963.12,18.114,2963.15,5.89,2963.16,0.768,2963.2,0.023,2963.21,0.014,2963.23,0.008,2963.24,1.361,2963.26,1.158,2963.27,0.59,2963.28,0.688,2963.11,10.988,2963.1,6.564,2963.09,3.733,2963.08,0.644,2963.07,6.545,2963.03,0.014,2963,1.526,2962.93,1.609,2962.91,2,2962.84,6.749
1715247433572,1715247433508014000,BINANCE,ETHUSDT,2963.11,19.854,2963.12,0.475,2963.15,5.89,2963.16,0.015,2963.2,0.015,2963.21,0.014,2963.24,1.361,2963.25,0.379,2963.26,0.263,2963.27,0.6,2963.1,32.972,2963.09,0.852,2963.07,2,2963.04,0.673,2963,2.199,2962.92,0.673,2962.91,2,2962.88,0.673,2962.85,1.938,2962.84,0.18
1715247433826,1715247433759521000,BINANCE,ETHUSDT,2963.57,1.062,2963.6,0.015,2963.61,0.1,2963.62,0.007,2963.64,0.605,2963.67,0.007,2963.68,0.015,2963.7,0.008,2963.71,0.01,2963.72,0.015,2963.56,47.658,2963.55,4,2963.52,0.673,2963.49,0.05,2963.48,0.673,2963.44,6.665,2963.42,0.452,2963.41,0.347,2963.4,7.152,2963.39,7.449
1715247434078,1715247434011543000,BINANCE,ETHUSDT,2963.73,46.07,2963.76,0.015,2963.8,0.015,2963.81,2.7,2963.84,0.688,2963.85,7.693,2963.88,1.668,2963.92,0.015,2963.94,2.699,2963.95,0.065,2963.72,19.191,2963.68,4,2963.67,0.087,2963.65,4.005,2963.64,0.673,2963.63,0.174,2963.6,2.385,2963.58,6.664,2963.57,0.06,2963.56,0.054
1715247434334,1715247434265494000,BINANCE,ETHUSDT,2963.96,4.567,2963.99,0.007,2964,0.204,2964.01,0.007,2964.02,1.073,2964.04,0.015,2964.08,4.715,2964.09,0.007,2964.1,2.802,2964.12,0.015,2963.95,69.112,2963.89,0.079,2963.88,0.673,2963.85,2.15,2963.84,0.753,2963.83,7.5,2963.8,1.526,2963.79,4,2963.78,3.787,2963.76,0.821
1715247434592,1715247434527324000,BINANCE,ETHUSDT,2964.08,15.132,2964.1,2.835,2964.12,0.688,2964.16,0.039,2964.17,0.007,2964.19,0.009,2964.2,1.361,2964.21,0.016,2964.22,18.431,2964.24,0.688,2964.07,49.847,2964.04,0.079,2964.02,2.018,2964.01,2,2964,2.199,2963.99,2.007,2963.98,6,2963.96,0.753,2963.95,8.838,2963.91,0.256
1715247434858,1715247434792269000,BINANCE,ETHUSDT,2964.08,24.694,2964.1,2.835,2964.12,0.688,2964.16,0.039,2964.17,0.007,2964.18,0.163,2964.19,0.009,2964.2,2.887,2964.21,0.03,2964.22,18.431,2964.07,9.371,2964.04,0.079,2964,0.26,2963.99,0.007,2963.96,0.805,2963.95,2.476,2963.91,0.08,2963.9,0.225,2963.83,6,2963.8,1.526
1715247435113,1715247435047952000,BINANCE,ETHUSDT,2964.08,23.118,2964.1,2.835,2964.12,0.688,2964.16,0.039,2964.17,0.007,2964.18,0.163,2964.19,0.009,2964.2,2.887,2964.21,0.016,2964.22,18.431,2964.07,11.087,2964.04,0.079,2964,0.26,2963.99,0.007,2963.96,0.885,2963.95,2.476,2963.9,0.225,2963.84,0.007,2963.83,6,2963.8,1.526
1715247435371,1715247435301104000,BINANCE,ETHUSDT,2964.08,4.869,2964.1,2.842,2964.12,0.015,2964.15,0.05,2964.16,0.039,2964.17,0.007,2964.19,0.009,2964.2,1.361,2964.21,0.016,2964.22,18.628,2964.07,45.843,2964.04,0.079,2964.01,1.61,2964,2.459,2963.99,0.007,2963.96,0.673,2963.95,2.476,2963.91,0.099,2963.9,0.225,2963.88,0.673
1715247435626,1715247435554585000,BINANCE,ETHUSDT,2964.1,3.114,2964.12,0.688,2964.15,0.05,2964.16,0.029,2964.19,0.009,2964.2,0.688,2964.21,0.016,2964.22,18.628,2964.24,0.688,2964.25,0.016,2964.09,78.628,2964.08,0.493,2964.07,7.306,2964.01,0.706,2964,2.459,2963.99,0.007,2963.97,1.277,2963.96,0.764,2963.95,4.821,2963.91,0.099
1715247435884,1715247435811307000,BINANCE,ETHUSDT,2964.1,1.342,2964.12,0.015,2964.15,0.05,2964.16,0.029,2964.19,0.009,2964.2,0.015,2964.21,0.03,2964.22,18.628,2964.24,0.015,2964.25,0.016,2964.09,80.493,2964.08,1.166,2964.07,6.203,2964.01,0.706,2964,2.459,2963.99,0.207,2963.97,1.502,2963.96,0.786,2963.95,2.732,2963.94,0.225
1715247436138,1715247436071285000,BINANCE,ETHUSDT,2963.91,43.797,2963.94,6.33,2963.95,0.032,2963.96,2.715,2963.99,0.007,2964,2.6,2964.01,0.01,2964.03,1.693,2964.04,2.673,2964.05,2.307,2963.9,14.797,2963.84,0.073,2963.83,1.649,2963.81,3.024,2963.8,0.018,2963.75,6.676,2963.72,0.673,2963.69,4.049,2963.68,0.007,2963.67,0.1
1715247436396,1715247436326428000,BINANCE,ETHUSDT,2963.96,23.166,2963.99,0.007,2964,0.973,2964.04,0.673,2964.07,0.007,2964.08,1.386,2964.1,18.383,2964.16,0.01,2964.19,0.327,2964.2,4.232,2963.95,20.103,2963.93,6,2963.91,10.476,2963.9,18.136,2963.88,4.689,2963.84,0.073,2963.83,1.948,2963.81,3.024,2963.8,1.544,2963.76,0.256
1715247436666,1715247436592410000,BINANCE,ETHUSDT,2963.68,16.148,2963.72,7.346,2963.76,0.673,2963.77,0.007,2963.8,4,2963.85,0.007,2963.86,0.01,2963.91,2,2963.94,2,2963.95,0.621,2963.67,24.08,2963.62,2,2963.61,6.235,2963.6,1.526,2963.57,16.663,2963.56,4,2963.52,0.007,2963.5,8.03,2963.48,2.673,2963.46,1.918
1715247436924,1715247436851235000,BINANCE,ETHUSDT,2963.68,20.443,2963.72,7.357,2963.76,0.673,2963.77,0.007,2963.8,4,2963.85,0.007,2963.86,0.01,2963.88,0.673,2963.91,2,2963.94,2,2963.67,12.951,2963.62,2,2963.61,6.235,2963.6,1.526,2963.57,16.663,2963.56,4,2963.52,0.007,2963.5,8.03,2963.48,2,2963.46,1.918
1715247437182,1715247437113371000,BINANCE,ETHUSDT,2963.68,19.134,2963.72,7.357,2963.76,0.673,2963.77,0.007,2963.79,0.078,2963.8,4,2963.85,0.007,2963.86,0.01,2963.87,0.807,2963.88,1.346,2963.67,26.835,2963.61,6.235,2963.57,16.663,2963.56,4,2963.52,0.05,2963.5,6.53,2963.48,2,2963.46,1.918,2963.45,4,2963.44,6.68
1715247437436,1715247437365012000,BINANCE,ETHUSDT,2963.68,0.789,2963.72,1.357,2963.76,0.673,2963.77,0.007,2963.8,2,2963.82,17.654,2963.85,0.007,2963.86,0.01,2963.87,0.078,2963.88,1.346,2963.67,20.671,2963.61,6.235,2963.6,2.199,2963.57,16.663,2963.56,4,2963.52,0.05,2963.5,6.63,2963.48,2.673,2963.47,0.325,2963.46,1.918
1715247437688,1715247437620773000,BINANCE,ETHUSDT,2963.68,26.087,2963.71,0.078,2963.72,1.357,2963.76,0.673,2963.77,0.007,2963.8,2,2963.82,17.654,2963.84,0.673,2963.85,0.007,2963.86,0.01,2963.67,18.656,2963.61,6.235,2963.6,1.526,2963.57,16.663,2963.56,4,2963.52,0.05,2963.5,6.53,2963.48,2,2963.46,1.918,2963.45,4
1715247437946,1715247437878696000,BINANCE,ETHUSDT,2963.68,23.897,2963.71,0.078,2963.72,1.357,2963.76,0.673,2963.77,0.007,2963.8,3.526,2963.82,17.654,2963.84,0.673,2963.85,0.007,2963.86,0.01,2963.67,7.488,2963.61,6.235,2963.57,16.663,2963.56,4,2963.52,0.05,2963.5,6.53,2963.48,2,2963.46,1.918,2963.45,4,2963.44,8.703
1715247438216,1715247438149583000,BINANCE,ETHUSDT,2963.68,16.709,2963.71,0.078,2963.72,1.357,2963.76,0.673,2963.77,0.007,2963.8,2,2963.82,17.654,2963.84,0.673,2963.85,0.007,2963.86,0.01,2963.67,19.149,2963.61,6.235,2963.6,2.199,2963.58,0.014,2963.57,16.663,2963.56,4,2963.52,0.05,2963.5,6.53,2963.48,2.673,2963.46,1.918
1715247438474,1715247438413982000,BINANCE,ETHUSDT,2963.37,14.355,2963.4,1.346,2963.44,4.551,2963.45,2.7,2963.47,0.328,2963.48,0.688,2963.52,0.195,2963.53,7.508,2963.54,0.007,2963.56,0.688,2963.36,5.444,2963.32,3.788,2963.3,0.04,2963.29,10.013,2963.28,0.251,2963.26,0.507,2963.25,0.507,2963.24,1.029,2963.23,5.873,2963.21,0.236
1715247438728,1715247438654559000,BINANCE,ETHUSDT,2963.3,76.17,2963.31,10.456,2963.33,6.078,2963.36,0.673,2963.37,5.119,2963.38,0.007,2963.4,1.346,2963.42,0.01,2963.44,2.851,2963.45,2.7,2963.29,1.155,2963.28,0.251,2963.24,0.015,2963.21,0.236,2963.2,0.028,2963.18,8.079,2963.16,4.456,2963.15,6.675,2963.12,6.68,2963.1,1.368
1715247438982,1715247438915855000,BINANCE,ETHUSDT,2963.19,4.852,2963.2,0.015,2963.24,1.361,2963.27,0.01,2963.28,0.638,2963.31,2.376,2963.32,0.015,2963.33,2.784,2963.36,0.688,2963.37,2.008,2963.18,47.266,2963.16,4.22,2963.15,6.675,2963.12,6.68,2963.1,1.368,2963.08,0.015,2963.06,0.008,2963.04,0.055,2963.02,0.007,2963.01,9.005
1715247439238,1715247439164368000,BINANCE,ETHUSDT,2963.19,18.194,2963.2,0.015,2963.24,1.361,2963.27,0.01,2963.28,0.638,2963.31,2.291,2963.32,0.015,2963.33,5.99,2963.35,0.007,2963.36,0.688,2963.18,17.078,2963.16,4.22,2963.15,6.675,2963.12,6.68,2963.1,1.368,2963.08,0.015,2963.06,0.008,2963.04,0.055,2963.02,0.007,2963.01,5.805
1715247439507,1715247439442332000,BINANCE,ETHUSDT,2963.19,18.052,2963.2,0.015,2963.24,1.361,2963.27,0.01,2963.28,0.638,2963.31,2.291,2963.32,0.093,2963.33,22.863,2963.34,0.05,2963.35,0.007,2963.18,13.774,2963.16,4.212,2963.15,6.675,2963.12,6.68,2963.1,1.368,2963.08,0.015,2963.06,0.008,2963.04,0.072,2963.02,0.007,2963.01,4.205
1715247439759,1715247439692598000,BINANCE,ETHUSDT,2963.19,15.635,2963.2,0.015,2963.24,1.361,2963.27,0.09,2963.28,0.638,2963.31,2.291,2963.32,0.093,2963.33,22.863,2963.34,0.05,2963.35,0.007,2963.18,15.484,2963.16,4.212,2963.15,6.675,2963.12,6.68,2963.1,1.368,2963.08,0.015,2963.06,0.008,2963.04,0.072,2963.02,0.007,2963.01,4.205
1715247440024,1715247439962145000,BINANCE,ETHUSDT,2963.17,32.607,2963.19,4.658,2963.2,0.315,2963.24,1.361,2963.27,0.01,2963.28,0.801,2963.31,2.291,2963.32,0.282,2963.33,22.913,2963.34,2.7,2963.16,22.165,2963.15,2.011,2963.12,0.015,2963.1,1.368,2963.08,0.015,2963.06,0.008,2963.04,0.022,2963.02,1.817,2963.01,4.205,2963,2.237
1715247440284,1715247440214089000,BINANCE,ETHUSDT,2962.87,4.6,2962.88,0.015,2962.92,1.346,2962.97,0.01,2963,0.673,2963.03,2.788,2963.04,0.673,2963.05,2,2963.08,0.673,2963.11,0.41,2962.86,52.886,2962.84,0.015,2962.8,1.541,2962.79,0.507,2962.77,0.007,2962.76,0.688,2962.74,0.007,2962.73,10.066,2962.72,2.148,2962.71,7.865
1715247440536,1715247440477569000,BINANCE,ETHUSDT,2962.87,29.721,2962.88,0.688,2962.9,0.171,2962.92,1.346,2962.97,0.01,2962.99,1.074,2963,0.673,2963.03,0.007,2963.04,0.673,2963.05,2,2962.86,42.241,2962.84,0.015,2962.8,0.015,2962.79,0.507,2962.77,0.007,2962.76,0.015,2962.74,0.35,2962.73,10.066,2962.72,2.214,2962.71,7.865
1715247440790,1715247440717733000,BINANCE,ETHUSDT,2962.87,10.306,2962.88,0.688,2962.9,0.171,2962.92,1.346,2962.97,0.01,2962.98,0.08,2962.99,6.6,2963,0.751,2963.01,17.608,2963.03,0.007,2962.86,24.832,2962.84,0.015,2962.8,0.015,2962.79,0.507,2962.77,0.007,2962.76,0.688,2962.74,0.007,2962.73,10.066,2962.72,2.214,2962.71,6.665
1715247441044,1715247440980172000,BINANCE,ETHUSDT,2962.84,3.183,2962.85,10.347,2962.86,1.315,2962.87,2,2962.88,0.695,2962.9,0.179,2962.92,1.361,2962.96,0.015,2962.97,0.01,2962.98,0.033,2962.83,34.407,2962.8,1.526,2962.77,0.007,2962.76,16.312,2962.72,0.384,2962.71,9.443,2962.69,3.176,2962.68,7.186,2962.67,1.822,2962.66,2.024
1715247441303,1715247441229914000,BINANCE,ETHUSDT,2962.9,0.165,2962.92,0.015,2962.96,0.015,2962.97,0.01,2962.98,0.014,2962.99,6.761,2963,18.096,2963.03,0.007,2963.04,0.728,2963.08,0.688,2962.89,48.156,2962.88,0.673,2962.87,4,2962.86,5.944,2962.85,6.05,2962.83,2.852,2962.8,1.526,2962.77,0.007,2962.76,0.673,2962.72,2.696
1715247441564,1715247441497200000,BINANCE,ETHUSDT,2963.16,10.169,2963.18,1.187,2963.19,0.042,2963.2,0.195,2963.24,1.361,2963.25,0.109,2963.27,0.017,2963.28,0.801,2963.3,16.906,2963.31,0.291,2963.15,30.549,2963.14,2,2963.12,0.673,2963.05,6.665,2963.04,0.673,2963.03,4.621,2963.02,6,2963.01,1.649,2963,2.199,2962.99,0.76
1715247441817,1715247441747128000,BINANCE,ETHUSDT,2963.28,29.72,2963.31,0.291,2963.32,8.64,2963.33,3.206,2963.36,0.695,2963.38,0.007,2963.4,1.361,2963.42,18.048,2963.44,0.015,2963.46,0.017,2963.27,12.666,2963.2,3.19,2963.19,2,2963.18,6.364,2963.15,0.79,2963.14,2,2963.05,6.665,2963.03,1.763,2963.02,6,2963.01,1.649
1715247442069,1715247442003044000,BINANCE,ETHUSDT,2963.28,16.524,2963.31,0.291,2963.32,0.095,2963.33,3.206,2963.35,0.663,2963.36,0.695,2963.38,0.007,2963.4,1.361,2963.41,0.085,2963.42,18.048,2963.27,21.317,2963.24,0.673,2963.2,3.19,2963.19,2,2963.18,6.364,2963.16,0.673,2963.15,0.669,2963.14,2,2963.12,0.673,2963.05,6.665
1715247442325,1715247442257263000,BINANCE,ETHUSDT,2963.28,5.13,2963.31,0.462,2963.32,1.256,2963.33,3.206,2963.36,0.022,2963.38,0.007,2963.4,1.361,2963.41,0.158,2963.42,18.048,2963.44,0.015,2963.27,23.749,2963.24,0.673,2963.2,3.19,2963.19,2,2963.18,6.364,2963.16,0.673,2963.15,0.669,2963.14,2,2963.12,0.673,2963.05,6.665
1715247442583,1715247442508801000,BINANCE,ETHUSDT,2963.28,33.324,2963.31,0.462,2963.32,1.256,2963.33,3.206,2963.36,0.695,2963.38,0.007,2963.4,2.887,2963.42,18.048,2963.44,0.015,2963.45,0.007,2963.27,25.176,2963.24,0.673,2963.2,3.155,2963.19,2,2963.18,6.364,2963.16,0.673,2963.15,0.669,2963.14,2,2963.12,0.673,2963.05,6.665
1715247442850,1715247442775383000,BINANCE,ETHUSDT,2963.28,20.354,2963.31,1.135,2963.32,1.256,2963.33,3.206,2963.36,0.695,2963.37,0.05,2963.38,0.007,2963.4,2.887,2963.42,18.048,2963.44,0.015,2963.27,23.625,2963.24,0.673,2963.2,3.155,2963.19,2,2963.18,6.364,2963.16,0.673,2963.15,0.669,2963.14,2,2963.12,0.673,2963.05,6.665
1715247443106,1715247443054532000,BINANCE,ETHUSDT,2963.58,4.714,2963.59,0.366,2963.6,1.134,2963.64,0.015,2963.66,0.014,2963.67,0.673,2963.68,0.049,2963.69,0.007,2963.71,2.672,2963.72,8.313,2963.57,22.27,2963.56,0.673,2963.55,0.673,2963.51,0.681,2963.47,0.673,2963.44,0.808,2963.43,0.673,2963.42,0.267,2963.4,3.848,2963.39,6.673
1715247443372,1715247443301301000,BINANCE,ETHUSDT,2963.58,4.461,2963.59,0.366,2963.6,1.134,2963.64,0.015,2963.66,0.014,2963.68,0.049,2963.69,0.007,2963.71,2.672,2963.72,8.109,2963.74,0.007,2963.57,49.182,2963.56,0.673,2963.55,0.673,2963.51,0.681,2963.47,0.673,2963.44,1.308,2963.43,0.673,2963.42,0.267,2963.4,3.848,2963.39,6.673
1715247443632,1715247443557507000,BINANCE,ETHUSDT,2963.58,3.862,2963.59,1.039,2963.6,1.134,2963.63,0.673,2963.64,0.015,2963.66,0.014,2963.67,0.714,2963.68,0.049,2963.69,0.007,2963.7,0.007,2963.57,39.092,2963.55,0.673,2963.51,0.681,2963.47,0.673,2963.44,1.308,2963.43,0.673,2963.42,0.267,2963.4,3.848,2963.39,6.673,2963.38,0.007
1715247443885,1715247443812175000,BINANCE,ETHUSDT,2963.58,20.897,2963.59,1.039,2963.6,1.134,2963.63,0.673,2963.64,0.015,2963.66,0.014,2963.67,0.714,2963.68,0.049,2963.69,0.007,2963.71,0.683,2963.57,31.069,2963.51,0.008,2963.44,1.308,2963.4,3.175,2963.39,6.673,2963.38,0.007,2963.36,0.014,2963.35,0.673,2963.32,6.971,2963.31,0.673
1715247444124,1715247444065963000,BINANCE,ETHUSDT,2963.58,23.66,2963.59,1.039,2963.6,1.134,2963.63,0.673,2963.64,0.015,2963.66,0.014,2963.67,0.714,2963.68,0.049,2963.69,0.057,2963.71,0.683,2963.57,31.002,2963.55,0.673,2963.51,0.008,2963.47,0.673,2963.44,1.308,2963.43,0.873,2963.4,3.848,2963.39,6.673,2963.38,0.007,2963.36,0.014
1715247444395,1715247444341658000,BINANCE,ETHUSDT,2963.58,5.337,2963.6,1.134,2963.62,0.476,2963.64,0.015,2963.66,0.014,2963.67,0.714,2963.68,0.049,2963.69,0.057,2963.71,0.683,2963.72,8.157,2963.57,32.591,2963.56,0.673,2963.55,0.673,2963.51,0.681,2963.47,0.673,2963.44,1.308,2963.43,0.873,2963.4,3.848,2963.39,6.673,2963.38,0.007
1715247444648,1715247444578433000,BINANCE,ETHUSDT,2963.58,10.875,2963.6,1.134,2963.62,0.476,2963.64,0.015,2963.66,0.014,2963.67,0.918,2963.68,0.049,2963.69,0.057,2963.71,0.683,2963.72,8.157,2963.57,32.557,2963.56,0.673,2963.55,0.673,2963.51,0.681,2963.47,0.673,2963.44,1.308,2963.43,0.873,2963.4,3.848,2963.39,6.673,2963.38,0.007
1715247444922,1715247444848291000,BINANCE,ETHUSDT,2963.58,5.797,2963.59,0.375,2963.6,1.134,2963.64,0.015,2963.66,0.014,2963.67,0.245,2963.68,0.049,2963.69,0.057,2963.71,0.01,2963.72,7.484,2963.57,34.76,2963.56,0.673,2963.55,0.773,2963.54,0.2,2963.51,0.681,2963.47,0.673,2963.44,1.308,2963.43,0.873,2963.4,3.848,2963.39,6.673
1715247445211,1715247445142501000,BINANCE,ETHUSDT,2963.72,9.245,2963.74,0.007,2963.76,0.351,2963.77,0.015,2963.8,0.015,2963.81,0.018,2963.84,0.702,2963.85,0.007,2963.86,5.528,2963.88,1.361,2963.71,33.859,2963.7,1.5,2963.66,2.173,2963.64,3.886,2963.6,4.272,2963.58,11.215,2963.57,23.215,2963.56,0.673,2963.55,0.673,2963.54,0.2
1715247445465,1715247445391352000,BINANCE,ETHUSDT,2963.72,28.84,2963.74,0.007,2963.75,0.351,2963.76,1.024,2963.77,0.015,2963.8,0.015,2963.81,0.018,2963.84,0.702,2963.85,0.007,2963.86,5.528,2963.71,33.042,2963.67,1.694,2963.66,2.073,2963.64,3.886,2963.62,4.252,2963.6,2.746,2963.58,0.06,2963.57,5.731,2963.56,0.673,2963.55,0.673
1715247445760,1715247445684975000,BINANCE,ETHUSDT,2963.72,3.288,2963.74,0.007,2963.76,0.351,2963.77,0.008,2963.8,0.015,2963.81,0.018,2963.84,0.029,2963.85,0.007,2963.86,5.528,2963.88,0.015,2963.71,48.908,2963.67,1.694,2963.66,2.073,2963.64,3.886,2963.62,4.252,2963.6,2.746,2963.58,0.06,2963.57,5.674,2963.56,0.94,2963.55,0.673
1715247446025,1715247445949705000,BINANCE,ETHUSDT,2963.86,18.565,2963.88,1.361,2963.92,0.015,2963.94,2.27,2963.95,0.533,2963.96,0.879,2963.99,0.047,2964,10.15,2964.01,13.472,2964.02,0.011,2963.85,45.194,2963.84,0.673,2963.81,0.276,2963.8,1.526,2963.79,6.651,2963.76,1.057,2963.75,2,2963.72,13.38,2963.71,26.54,2963.68,0.206
1715247446279,1715247446211041000,BINANCE,ETHUSDT,2963.86,7.929,2963.88,0.015,2963.92,0.015,2963.95,0.533,2963.96,0.206,2963.97,0.05,2963.99,0.047,2964,5.165,2964.01,13.472,2964.02,0.011,2963.85,82.855,2963.84,0.673,2963.81,0.276,2963.8,1.526,2963.79,5.151,2963.78,0.1,2963.77,2.843,2963.76,0.673,2963.75,2,2963.72,1.376
1715247446529,1715247446465101000,BINANCE,ETHUSDT,2963.86,0.525,2963.88,1.361,2963.92,0.015,2963.95,0.533,2963.96,0.879,2963.97,0.05,2963.99,1.845,2964,10.092,2964.01,13.472,2964.02,0.011,2963.85,62.703,2963.84,0.673,2963.81,0.276,2963.8,1.526,2963.79,5.151,2963.78,0.1,2963.77,3.726,2963.76,0.673,2963.75,2,2963.73,0.664
1715247446796,1715247446724319000,BINANCE,ETHUSDT,2963.86,24.658,2963.88,1.361,2963.92,0.015,2963.94,0.995,2963.95,0.533,2963.96,0.879,2963.97,0.05,2963.99,0.047,2964,5.538,2964.01,13.472,2963.85,21.596,2963.81,0.276,2963.79,5.151,2963.77,3.726,2963.76,0.673,2963.75,2,2963.73,0.163,2963.72,3.025,2963.71,8.657,2963.68,0.206
1715247447084,1715247447012777000,BINANCE,ETHUSDT,2963.74,50.349,2963.76,32.221,2963.77,24.09,2963.78,16.309,2963.79,16.302,2963.8,34.214,2963.81,16.312,2963.82,37.878,2963.83,16.31,2963.85,20.311,2963.73,1.159,2963.72,2.352,2963.71,8.657,2963.68,0.206,2963.67,1.694,2963.66,2.073,2963.64,3.886,2963.6,5.295,2963.59,2.644,2963.58,0.07
1715247447340,1715247447276348000,BINANCE,ETHUSDT,2963.73,53.029,2963.74,6.01,2963.75,0.805,2963.76,1.643,2963.84,0.673,2963.86,3.794,2963.87,0.048,2963.88,6.13,2963.89,2.7,2963.92,0.015,2963.72,2.757,2963.71,7.257,2963.68,0.199,2963.67,1.694,2963.6,5.295,2963.58,0.06,2963.57,5.648,2963.56,0.673,2963.53,4.048,2963.52,0.68
1715247447604,1715247447530798000,BINANCE,ETHUSDT,2963.58,39.945,2963.6,0.673,2963.61,2,2963.63,2.256,2963.64,0.673,2963.68,3.374,2963.69,2,2963.71,0.01,2963.72,9.163,2963.73,4.277,2963.57,13.794,2963.52,0.007,2963.51,0.008,2963.5,0.1,2963.46,1.226,2963.43,0.2,2963.42,3.571,2963.38,0.007,2963.37,0.021,2963.36,6.693
1715247447899,1715247447835079000,BINANCE,ETHUSDT,2963.58,26.177,2963.6,0.673,2963.61,2,2963.63,2.256,2963.64,0.673,2963.68,3.374,2963.71,0.01,2963.72,8.163,2963.73,0.215,2963.74,4,2963.57,18.785,2963.52,0.007,2963.51,0.008,2963.5,0.1,2963.46,1.226,2963.43,0.2,2963.42,3.571,2963.4,1.526,2963.38,0.007,2963.37,0.35
1715247448161,1715247448092622000,BINANCE,ETHUSDT,2963.58,26.603,2963.6,0.673,2963.61,2,2963.63,2.256,2963.64,0.673,2963.68,3.374,2963.71,0.01,2963.72,8.163,2963.73,0.215,2963.74,4,2963.57,14.14,2963.52,0.007,2963.51,0.008,2963.5,0.1,2963.46,1.226,2963.43,0.2,2963.42,3.571,2963.38,0.007,2963.36,6.693,2963.35,0.008
1715247448440,1715247448393397000,BINANCE,ETHUSDT,2963.58,21.884,2963.6,0.673,2963.61,2,2963.63,2.256,2963.64,0.673,2963.68,3.374,2963.71,0.01,2963.72,8.163,2963.73,0.215,2963.74,4,2963.57,17.22,2963.52,0.007,2963.51,0.008,2963.5,0.1,2963.46,1.226,2963.43,0.25,2963.42,3.571,2963.38,0.007,2963.37,0.357,2963.36,7.366
1715247448696,1715247448636060000,BINANCE,ETHUSDT,2963.35,62.341,2963.36,0.673,2963.37,2,2963.38,2.021,2963.39,2,2963.4,1.346,2963.43,1.683,2963.46,2,2963.48,0.673,2963.52,0.68,2963.34,11.948,2963.33,2.974,2963.32,0.518,2963.31,1.014,2963.3,0.797,2963.28,7.171,2963.27,1.137,2963.24,0.507,2963.23,0.507,2963.2,0.018
1715247448948,1715247448892912000,BINANCE,ETHUSDT,2962.85,19.683,2962.86,1.215,2962.88,0.015,2962.91,0.673,2962.92,0.688,2962.96,0.015,2962.99,3.993,2963,0.015,2963.01,0.007,2963.04,0.015,2962.84,26.049,2962.83,6.011,2962.8,0.008,2962.79,0.007,2962.77,0.007,2962.75,0.673,2962.74,4.55,2962.72,0.207,2962.69,0.11,2962.68,6.686
1715247449198,1715247449130626000,BINANCE,ETHUSDT,2962.85,8.216,2962.88,0.015,2962.92,0.015,2962.95,0.673,2962.96,0.015,2962.97,0.01,2962.99,4.666,2963,0.385,2963.01,0.021,2963.04,0.072,2962.84,53.434,2962.83,2.68,2962.79,0.68,2962.77,0.007,2962.76,0.673,2962.75,0.673,2962.72,0.2,2962.71,0.673,2962.7,0.011,2962.69,4.368
1715247449464,1715247449404290000,BINANCE,ETHUSDT,2962.99,9.34,2963,0.015,2963.01,0.022,2963.04,0.022,2963.08,0.688,2963.09,0.007,2963.1,1.112,2963.11,2.734,2963.12,0.025,2963.15,0.681,2962.98,80.127,2962.97,4,2962.96,9.674,2962.95,4.18,2962.93,4,2962.92,0.82,2962.91,0.673,2962.87,2.673,2962.85,0.128,2962.84,14.018
1715247449719,1715247449647270000,BINANCE,ETHUSDT,2963.11,7.975,2963.12,0.015,2963.15,0.008,2963.16,0.015,2963.17,0.007,2963.18,0.66,2963.19,0.673,2963.2,0.029,2963.23,0.673,2963.24,0.688,2963.1,44.489,2963.08,2.636,2963.07,0.673,2963.03,0.673,2963.02,6.665,2963.01,1.5,2963,12.19,2962.99,0.801,2962.98,20.677,2962.97,4
1715247449974,1715247449900138000,BINANCE,ETHUSDT,2963.11,11.491,2963.12,0.015,2963.15,0.681,2963.16,0.015,2963.18,0.66,2963.19,0.673,2963.2,0.022,2963.23,0.673,2963.24,0.688,2963.25,0.007,2963.1,9.84,2963.08,1.963,2963.07,0.673,2963.03,0.684,2963.02,6.665,2963,12.19,2962.99,0.673,2962.98,20.677,2962.97,4,2962.96,5.985
1715247450233,1715247450158841000,BINANCE,ETHUSDT,2963.11,6.553,2963.12,0.015,2963.15,0.008,2963.16,0.015,2963.18,0.66,2963.19,0.673,2963.2,0.022,2963.23,0.673,2963.24,0.688,2963.25,0.007,2963.1,24.874,2963.08,2.636,2963.07,0.673,2963.03,0.684,2963.02,6.665,2963.01,13.019,2963,12.19,2962.99,0.673,2962.98,20.677,2962.97,4
1715247450529,1715247450460756000,BINANCE,ETHUSDT,2963.39,18.714,2963.4,0.695,2963.43,1.408,2963.44,0.015,2963.45,0.1,2963.46,1.119,2963.47,0.673,2963.48,0.688,2963.49,10.877,2963.5,0.775,2963.38,18.932,2963.37,2,2963.31,0.673,2963.29,1.061,2963.28,2,2963.27,0.673,2963.24,0.673,2963.22,2,2963.2,1.733,2963.19,0.673
1715247450783,1715247450712464000,BINANCE,ETHUSDT,2963.39,21.769,2963.4,0.688,2963.43,1.408,2963.44,0.015,2963.45,0.249,2963.46,1.119,2963.47,0.673,2963.48,0.688,2963.49,10.877,2963.5,0.775,2963.38,9.541,2963.29,1.061,2963.28,2,2963.23,0.673,2963.22,2,2963.2,0.007,2963.19,0.673,2963.15,0.673,2963.13,3.707,2963.12,0.011
1715247451035,1715247450983222000,BINANCE,ETHUSDT,2963.39,20.12,2963.4,0.688,2963.43,1.408,2963.44,0.015,2963.45,0.387,2963.47,0.822,2963.48,0.688,2963.49,5.171,2963.5,0.775,2963.51,1.14,2963.38,12.301,2963.29,1.061,2963.28,2,2963.24,0.225,2963.22,2,2963.2,1.533,2963.19,0.673,2963.16,0.324,2963.15,1.323,2963.14,0.657
1715247451302,1715247451243214000,BINANCE,ETHUSDT,2963.39,37.084,2963.4,0.688,2963.43,1.408,2963.44,0.015,2963.45,0.287,2963.46,0.149,2963.47,0.68,2963.48,3.388,2963.49,9.857,2963.5,1.589,2963.38,0.43,2963.24,0.225,2963.22,2,2963.2,0.007,2963.14,0.011,2963.13,3.707,2963.1,6.642,2963.09,4.107,2963.08,1.978,2963.07,0.673
1715247451566,1715247451494690000,BINANCE,ETHUSDT,2963.39,40.282,2963.4,0.688,2963.43,1.408,2963.44,0.015,2963.45,0.287,2963.46,0.149,2963.47,0.673,2963.48,3.388,2963.49,9.857,2963.5,1.589,2963.38,3.623,2963.24,0.225,2963.2,0.007,2963.14,0.338,2963.13,3.707,2963.11,4.289,2963.1,6.642,2963.09,4.107,2963.08,2.651,2963.07,0.673
1715247451821,1715247451752753000,BINANCE,ETHUSDT,2963.39,40.135,2963.4,0.688,2963.43,1.408,2963.44,0.015,2963.45,0.287,2963.46,0.149,2963.47,0.673,2963.48,2.715,2963.49,9.857,2963.5,1.589,2963.38,1.099,2963.24,0.225,2963.2,0.007,2963.14,0.011,2963.13,3.707,2963.1,6.642,2963.09,4.107,2963.08,1.978,2963.04,0.022,2963.01,5.803
1715247452096,1715247452030776000,BINANCE,ETHUSDT,2963.11,65.83,2963.14,3.484,2963.15,0.673,2963.19,0.673,2963.23,0.673,2963.24,0.673,2963.25,7.125,2963.26,0.04,2963.27,5.383,2963.28,0.007,2963.1,12.638,2963.09,0.05,2963.08,0.688,2963.07,0.673,2963.04,0.015,2963.03,0.673,2963.02,0.011,2963.01,10.706,2963,10.679,2962.99,0.673
1715247452360,1715247452292822000,BINANCE,ETHUSDT,2963.11,11.959,2963.14,0.449,2963.15,0.673,2963.19,0.673,2963.23,2.609,2963.24,0.673,2963.25,5.374,2963.26,0.04,2963.27,2.683,2963.28,0.007,2963.1,28.944,2963.09,0.05,2963.08,0.688,2963.07,0.673,2963.04,0.015,2963.03,0.673,2963.02,0.011,2963.01,10.706,2963,12.445,2962.99,0.673
1715247452629,1715247452565563000,BINANCE,ETHUSDT,2963.11,18.513,2963.15,0.673,2963.19,0.673,2963.23,2.609,2963.24,0.673,2963.25,3.374,2963.26,0.04,2963.27,2.683,2963.28,0.007,2963.29,0.149,2963.1,19.933,2963.09,0.05,2963.08,0.015,2963.04,0.015,2963.03,0.673,2963.02,0.011,2963.01,10.706,2963,14.094,2962.99,0.673,2962.98,20.663
1715247452890,1715247452829035000,BINANCE,ETHUSDT,2963.11,11.708,2963.23,1.936,2963.24,0.673,2963.25,3.374,2963.26,0.04,2963.27,2.683,2963.28,0.007,2963.29,0.149,2963.31,0.673,2963.34,5.18,2963.1,49.792,2963.09,0.05,2963.08,0.688,2963.07,0.673,2963.04,0.015,2963.03,0.673,2963.02,0.011,2963.01,10.706,2963,14.094,2962.99,0.673
1715247453155,1715247453086199000,BINANCE,ETHUSDT,2963.56,6.692,2963.57,0.133,2963.58,0.279,2963.59,0.007,2963.6,0.023,2963.63,2.772,2963.64,0.015,2963.66,0.014,2963.67,0.709,2963.68,0.015,2963.55,26.11,2963.51,0.673,2963.47,0.673,2963.44,0.007,2963.43,0.773,2963.4,2.199,2963.39,4.673,2963.38,0.007,2963.36,0.007,2963.35,0.673
1715247453402,1715247453349740000,BINANCE,ETHUSDT,2964.03,3.219,2964.04,0.015,2964.06,10,2964.07,0.007,2964.08,0.015,2964.09,6.731,2964.1,0.007,2964.11,0.673,2964.12,0.015,2964.15,0.007,2964.02,20.318,2964.01,20.313,2964,20.312,2963.99,23.01,2963.98,21.25,2963.97,16.319,2963.96,16.318,2963.95,22.095,2963.94,25.594,2963.93,23.815
1715247453658,1715247453605845000,BINANCE,ETHUSDT,2964.24,5.26,2964.27,0.008,2964.28,0.023,2964.32,0.034,2964.34,0.007,2964.35,0.687,2964.36,0.688,2964.38,0.618,2964.39,1.195,2964.4,0.022,2964.23,84.462,2964.22,4,2964.2,2.199,2964.19,0.673,2964.17,2,2964.15,0.673,2964.13,0.1,2964.11,2.173,2964.08,0.267,2964.07,0.68
1715247453919,1715247453858563000,BINANCE,ETHUSDT,2964.36,14.566,2964.38,0.976,2964.39,1.195,2964.4,0.015,2964.43,0.673,2964.44,1.142,2964.45,0.346,2964.47,0.681,2964.48,0.022,2964.5,0.014,2964.35,66.332,2964.34,2.448,2964.31,0.673,2964.28,5.176,2964.27,0.673,2964.26,6,2964.23,6.524,2964.22,4,2964.2,2.199,2964.19,0.947
1715247454186,1715247454113205000,BINANCE,ETHUSDT,2964.36,14.344,2964.38,0.976,2964.39,1.195,2964.4,0.015,2964.43,0.673,2964.44,1.142,2964.45,0.346,2964.46,0.05,2964.47,0.681,2964.48,0.022,2964.35,77.011,2964.34,2.448,2964.28,5.176,2964.27,0.673,2964.26,6,2964.23,2.709,2964.22,4,2964.2,2.199,2964.19,0.947,2964.18,0.2
1715247454444,1715247454375660000,BINANCE,ETHUSDT,2964.36,14.714,2964.39,1.195,2964.4,0.015,2964.42,0.695,2964.43,0.673,2964.44,1.142,2964.45,0.346,2964.47,0.681,2964.48,0.022,2964.5,3.528,2964.35,64.977,2964.34,2,2964.28,5.176,2964.27,0.673,2964.26,6,2964.23,2.709,2964.22,4,2964.2,2.199,2964.19,2.329,2964.17,2
1715247454713,1715247454644399000,BINANCE,ETHUSDT,2964.36,19.145,2964.39,1.195,2964.4,0.015,2964.42,0.695,2964.43,0.673,2964.44,1.142,2964.45,0.346,2964.47,0.681,2964.48,0.022,2964.5,3.528,2964.35,54.261,2964.34,2,2964.28,5.176,2964.26,6,2964.24,0.503,2964.23,2.709,2964.22,4,2964.2,2.199,2964.19,2.329,2964.17,2
1715247454971,1715247454911493000,BINANCE,ETHUSDT,2964.36,48.582,2964.39,1.195,2964.4,0.015,2964.41,0.163,2964.42,0.695,2964.43,0.673,2964.44,1.142,2964.45,0.346,2964.46,0.163,2964.47,0.681,2964.35,15.841,2964.24,0.503,2964.23,0.022,2964.2,1.038,2964.19,1.656,2964.17,2,2964.16,0.007,2964.13,0.224,2964.1,0.225,2964.08,0.05
1715247455221,1715247455157035000,BINANCE,ETHUSDT,2964.12,86.727,2964.15,0.673,2964.17,2,2964.19,0.673,2964.2,0.673,2964.21,2.699,2964.24,2,2964.28,4.079,2964.29,2.848,2964.3,0.007,2964.11,9.25,2964.1,0.225,2964.08,1.18,2964.07,2.079,2964.05,0.224,2964.02,0.007,2964,0.299,2963.99,0.014,2963.94,3.895,2963.91,1.136
1715247455483,1715247455409139000,BINANCE,ETHUSDT,2964.06,102.731,2964.07,0.673,2964.08,1.359,2964.09,4.699,2964.1,2.256,2964.11,0.673,2964.12,10.738,2964.15,0.752,2964.16,2.719,2964.19,1.068,2964.05,3.37,2964.02,0.007,2963.99,0.007,2963.91,0.007,2963.9,0.008,2963.85,0.299,2963.84,0.007,2963.83,0.015,2963.8,1.138,2963.79,3.625
1715247455778,1715247455705491000,BINANCE,ETHUSDT,2963.74,55.826,2963.75,4.184,2963.76,1.073,2963.77,3.913,2963.8,6.782,2963.81,1.5,2963.84,0.673,2963.86,0.01,2963.88,1.346,2963.89,9.49,2963.73,0.578,2963.72,0.007,2963.71,0.014,2963.7,1.332,2963.68,0.007,2963.66,0.03,2963.61,0.19,2963.6,0.178,2963.58,0.65,2963.57,0.633
1715247456030,1715247455961029000,BINANCE,ETHUSDT,2963.74,75.108,2963.75,2,2963.76,0.673,2963.77,1.859,2963.8,6.7,2963.81,1.5,2963.84,0.673,2963.86,0.01,2963.87,0.431,2963.88,3.66,2963.73,0.584,2963.72,0.007,2963.66,0.03,2963.59,0.623,2963.57,0.303,2963.56,0.306,2963.55,0.235,2963.52,0.007,2963.5,2.048,2963.49,3.521
1715247456288,1715247456214102000,BINANCE,ETHUSDT,2963.74,63.551,2963.75,2,2963.76,0.673,2963.77,1.859,2963.8,6.7,2963.84,0.673,2963.86,0.01,2963.88,1.346,2963.89,0.05,2963.9,0.007,2963.73,18.779,2963.72,0.007,2963.66,0.03,2963.64,0.673,2963.61,0.618,2963.6,0.673,2963.57,0.303,2963.56,0.979,2963.55,0.235,2963.52,0.68
1715247456553,1715247456485108000,BINANCE,ETHUSDT,2963.89,8.38,2963.9,0.007,2963.95,0.645,2963.96,0.673,2963.97,0.049,2963.99,0.007,2964,1.919,2964.01,5.72,2964.02,0.033,2964.03,4.673,2963.88,70.797,2963.87,0.014,2963.86,0.384,2963.85,5.5,2963.84,0.673,2963.8,1.526,2963.79,3.5,2963.78,2,2963.76,0.673,2963.74,13.017
1715247456807,1715247456747795000,BINANCE,ETHUSDT,2964.03,7.352,2964.04,0.673,2964.05,3.232,2964.06,4.694,2964.07,1.119,2964.11,2.373,2964.12,2.778,2964.15,0.893,2964.16,0.01,2964.19,4.159,2964.02,33.732,2964,4.673,2963.99,0.017,2963.96,4.673,2963.89,6.193,2963.88,5.36,2963.87,0.014,2963.85,5.5,2963.84,0.68,2963.8,1.526
1715247457067,1715247456994679000,BINANCE,ETHUSDT,2964.03,9.001,2964.05,3.232,2964.06,4.694,2964.07,1.119,2964.08,0.007,2964.11,1.7,2964.12,2.778,2964.15,0.22,2964.16,0.01,2964.19,0.673,2964.02,34.304,2964,4.673,2963.99,0.017,2963.96,4.673,2963.89,2.995,2963.88,5.36,2963.87,0.014,2963.85,5.5,2963.84,2.994,2963.8,1.526
1715247457326,1715247457250916000,BINANCE,ETHUSDT,2964.03,13.689,2964.05,3.232,2964.06,4.694,2964.07,1.119,2964.08,0.007,2964.11,1.7,2964.12,2.778,2964.15,0.22,2964.16,0.01,2964.2,0.673,2964.02,33.958,2964,4.673,2963.99,0.092,2963.96,4.673,2963.89,2.995,2963.88,5.346,2963.87,0.014,2963.85,5.5,2963.84,0.68,2963.8,1.526
1715247457580,1715247457511644000,BINANCE,ETHUSDT,2964.03,13.775,2964.04,0.673,2964.05,3.232,2964.06,4.694,2964.07,1.119,2964.08,0.007,2964.11,1.7,2964.12,2.778,2964.13,0.05,2964.15,0.22,2964.02,27.909,2964,4.673,2963.99,0.092,2963.96,4.673,2963.89,2.995,2963.88,5.346,2963.87,0.014,2963.85,4,2963.84,0.68,2963.8,1.526
1715247457909,1715247457835558000,BINANCE,ETHUSDT,2964.03,13.511,2964.04,0.673,2964.05,3.232,2964.06,4.694,2964.07,1.119,2964.11,1.7,2964.12,2.778,2964.13,0.445,2964.15,0.22,2964.16,0.01,2964.02,27.464,2964,4.673,2963.99,0.082,2963.96,4.673,2963.89,2.995,2963.88,5.346,2963.87,0.014,2963.85,4,2963.84,0.68,2963.8,1.526
1715247458162,1715247458095596000,BINANCE,ETHUSDT,2963.97,49.798,2964,0.973,2964.02,0.082,2964.03,11.522,2964.04,0.673,2964.05,3.232,2964.06,2.011,2964.07,1.119,2964.11,1.7,2964.12,2.778,2963.96,7.948,2963.89,2.253,2963.88,2,2963.85,4,2963.84,0.68,2963.79,4.491,2963.78,2,2963.76,0.673,2963.74,2.224,2963.73,8.857
1715247458417,1715247458342766000,BINANCE,ETHUSDT,2963.79,22.182,2963.85,4,2963.88,1.346,2963.89,2,2963.94,0.057,2963.97,9.479,2963.99,10.135,2964,0.98,2964.01,0.01,2964.02,2.349,2963.78,18.256,2963.74,2.224,2963.73,4.703,2963.72,0.73,2963.7,0.224,2963.67,0.224,2963.66,0.03,2963.65,3.37,2963.64,0.673,2963.62,4.165
1715247458675,1715247458606937000,BINANCE,ETHUSDT,2963.79,21.604,2963.83,0.673,2963.85,4,2963.88,1.346,2963.89,2,2963.94,0.057,2963.96,6.578,2963.97,6.762,2963.99,10.135,2964,0.98,2963.78,12.063,2963.75,0.673,2963.74,2.224,2963.73,4.703,2963.72,1.403,2963.7,0.224,2963.67,0.897,2963.66,0.03,2963.65,3.37,2963.64,0.673
1715247458945,1715247458871065000,BINANCE,ETHUSDT,2963.79,10.692,2963.85,4,2963.89,2,2963.94,0.057,2963.96,6.578,2963.97,4.028,2963.99,10.135,2964,0.8,2964.01,0.01,2964.03,2.379,2963.78,28.173,2963.75,0.673,2963.74,2.224,2963.73,4.703,2963.72,0.73,2963.71,0.673,2963.7,0.224,2963.67,0.897,2963.66,0.03,2963.65,3.37
1715247459198,1715247459127002000,BINANCE,ETHUSDT,2963.99,5.674,2964,0.007,2964.03,0.379,2964.05,3.232,2964.06,0.011,2964.07,1.119,2964.1,1.432,2964.11,1.689,2964.12,2.105,2964.14,0.023,2963.98,102.844,2963.96,4.737,2963.95,6.388,2963.93,6,2963.92,0.007,2963.91,0.673,2963.88,2.673,2963.87,1.088,2963.84,11.767,2963.83,2.673
1715247459449,1715247459374212000,BINANCE,ETHUSDT,2963.99,23.654,2964.03,0.379,2964.04,0.673,2964.05,3.232,2964.06,0.011,2964.07,1.792,2964.08,2.7,2964.09,0.05,2964.11,1.689,2964.12,2.105,2963.98,20.063,2963.96,0.03,2963.95,0.673,2963.94,2.065,2963.93,2,2963.92,0.007,2963.91,0.673,2963.88,2.673,2963.87,0.673,2963.84,2
1715247459703,1715247459627939000,BINANCE,ETHUSDT,2963.99,21.541,2964.02,2.385,2964.03,0.379,2964.04,0.673,2964.05,3.232,2964.06,0.011,2964.07,0.673,2964.08,2.7,2964.09,0.05,2964.11,1.689,2963.98,16.909,2963.96,0.03,2963.95,0.673,2963.94,2.065,2963.93,2,2963.92,0.007,2963.91,0.673,2963.88,2.673,2963.87,0.673,2963.84,2
1715247459975,1715247459900796000,BINANCE,ETHUSDT,2963.34,6.314,2963.38,0.007,2963.42,0.01,2963.46,1.68,2963.48,0.023,2963.5,0.326,2963.51,1.352,2963.52,0.014,2963.53,2,2963.54,0.078,2963.33,50.207,2963.32,6,2963.27,2.173,2963.26,4,2963.25,2,2963.24,0.616,2963.23,0.673,2963.2,1.526,2963.12,0.033,2963.1,0.007
1715247460232,1715247460181365000,BINANCE,ETHUSDT,2963.72,3.338,2963.74,0.007,2963.75,0.081,2963.76,6.731,2963.78,18.887,2963.81,0.021,2963.83,0.079,2963.84,1.126,2963.85,2.007,2963.86,0.01,2963.71,46.97,2963.7,20.315,2963.69,20.309,2963.68,49.972,2963.67,60.164,2963.66,11.962,2963.65,1.778,2963.63,0.673,2963.6,1.526,2963.59,3.237
1715247460482,1715247460411654000,BINANCE,ETHUSDT,2963.72,31.474,2963.74,2.587,2963.75,0.673,2963.76,6.731,2963.79,0.673,2963.81,0.021,2963.84,1.126,2963.85,2.007,2963.86,0.01,2963.88,0.673,2963.71,9.114,2963.69,2,2963.67,0.75,2963.66,2,2963.56,0.201,2963.55,0.673,2963.53,2,2963.52,0.613,2963.51,0.673,2963.47,0.673
1715247460726,1715247460662720000,BINANCE,ETHUSDT,2963.72,34.943,2963.74,2.587,2963.75,0.673,2963.76,6.731,2963.79,0.673,2963.81,0.021,2963.84,1.126,2963.85,2.007,2963.86,0.01,2963.88,0.673,2963.71,5.117,2963.56,1.649,2963.55,0.673,2963.53,2,2963.52,0.007,2963.51,0.673,2963.47,0.673,2963.44,0.614,2963.43,0.683,2963.41,0.049
1715247461002,1715247460928541000,BINANCE,ETHUSDT,2963.72,24.271,2963.74,2.587,2963.75,0.673,2963.76,6.731,2963.79,0.673,2963.81,0.021,2963.84,1.126,2963.85,2.007,2963.86,0.01,2963.87,5.057,2963.71,6.548,2963.63,0.673,2963.6,2.091,2963.59,0.673,2963.56,0.673,2963.55,0.673,2963.53,2,2963.52,0.007,2963.51,0.673,2963.47,0.673
1715247461256,1715247461183849000,BINANCE,ETHUSDT,2963.72,2.905,2963.74,2.587,2963.76,6.731,2963.81,0.021,2963.84,0.007,2963.85,2.057,2963.86,0.01,2963.89,2.007,2963.91,0.673,2963.92,0.881,2963.71,41.7,2963.68,0.075,2963.67,0.673,2963.63,0.673,2963.61,1.505,2963.6,1.526,2963.59,0.673,2963.56,2.523,2963.55,0.673,2963.53,2
1715247461511,1715247461440198000,BINANCE,ETHUSDT,2963.72,28.187,2963.74,3.081,2963.75,0.673,2963.76,6.731,2963.79,0.673,2963.8,1.526,2963.81,0.021,2963.83,0.673,2963.84,0.007,2963.85,2.057,2963.71,9.179,2963.68,0.075,2963.61,0.478,2963.56,1.649,2963.55,0.673,2963.53,2,2963.52,0.007,2963.51,0.673,2963.44,2.322,2963.43,0.01
1715247461775,1715247461705833000,BINANCE,ETHUSDT,2963.34,30.374,2963.35,0.673,2963.37,3.351,2963.38,0.007,2963.39,2.673,2963.4,0.673,2963.42,0.079,2963.43,0.673,2963.44,4.742,2963.45,1.349,2963.33,8.8,2963.25,5.157,2963.24,0.68,2963.2,13.437,2963.12,3.717,2963.1,0.015,2963.08,0.673,2963.07,0.326,2963.06,1.345,2963.05,1.856
1715247462025,1715247461959622000,BINANCE,ETHUSDT,2963.68,28.113,2963.69,4.019,2963.7,2,2963.71,5.878,2963.72,6.132,2963.75,0.673,2963.76,6.731,2963.77,2.7,2963.79,0.836,2963.8,1.526,2963.67,8.018,2963.63,2,2963.57,2.186,2963.56,7.328,2963.55,0.673,2963.51,0.673,2963.47,0.673,2963.45,1.155,2963.44,1.649,2963.43,2.683
1715247462301,1715247462238403000,BINANCE,ETHUSDT,2963.93,3.631,2963.94,0.026,2963.99,2.947,2964.01,0.2,2964.02,0.011,2964.03,0.379,2964.04,0.673,2964.05,0.007,2964.06,0.011,2964.07,0.086,2963.92,39.461,2963.91,0.673,2963.88,0.673,2963.87,0.673,2963.85,0.01,2963.83,0.673,2963.8,3.526,2963.79,15.624,2963.75,5.614,2963.74,1.778
1715247462554,1715247462492077000,BINANCE,ETHUSDT,2963.61,3.137,2963.71,0.01,2963.72,0.673,2963.73,2,2963.74,2,2963.76,4.884,2963.77,0.056,2963.79,0.673,2963.81,18.301,2963.83,0.673,2963.6,52.665,2963.51,2.431,2963.48,0.163,2963.47,0.673,2963.46,0.224,2963.43,0.904,2963.41,0.32,2963.4,2.534,2963.39,0.648,2963.38,0.014
1715247462806,1715247462734865000,BINANCE,ETHUSDT,2963.61,5.547,2963.71,0.01,2963.72,3.77,2963.73,2,2963.74,2,2963.75,0.673,2963.76,4.884,2963.77,0.007,2963.79,0.673,2963.81,2,2963.6,52.686,2963.59,0.673,2963.56,0.673,2963.55,0.673,2963.52,0.967,2963.51,2.431,2963.48,0.163,2963.47,0.673,2963.46,0.224,2963.43,0.904
1715247463050,1715247462985372000,BINANCE,ETHUSDT,2963.61,10.455,2963.63,0.673,2963.67,0.673,2963.71,0.683,2963.72,4.77,2963.73,2,2963.74,2,2963.75,0.673,2963.76,4.884,2963.77,0.007,2963.6,31.672,2963.59,0.673,2963.56,0.673,2963.55,0.673,2963.52,0.974,2963.51,2.431,2963.48,0.163,2963.47,0.673,2963.46,0.224,2963.45,0.033
1715247463317,1715247463257217000,BINANCE,ETHUSDT,2963.21,9.557,2963.33,0.007,2963.34,3.155,2963.35,0.673,2963.37,0.007,2963.38,0.014,2963.39,0.673,2963.4,2.199,2963.42,0.01,2963.43,0.673,2963.2,19.205,2963.19,2.696,2963.18,0.337,2963.17,1.031,2963.15,0.684,2963.13,2.023,2963.12,0.007,2963.11,1.119,2963.1,0.007,2963.08,1.348
1715247463571,1715247463504805000,BINANCE,ETHUSDT,2963.21,22.096,2963.27,0.673,2963.31,0.673,2963.33,0.007,2963.34,3.155,2963.35,0.673,2963.37,0.007,2963.38,0.014,2963.39,0.673,2963.4,0.673,2963.2,20.19,2963.19,0.673,2963.18,0.337,2963.17,1.031,2963.15,0.684,2963.13,0.05,2963.12,0.338,2963.11,1.119,2963.1,0.007,2963.08,1.348
1715247463850,1715247463781519000,BINANCE,ETHUSDT,2963.21,2.141,2963.33,0.007,2963.37,0.007,2963.38,0.014,2963.4,0.673,2963.42,0.01,2963.43,0.673,2963.45,0.007,2963.47,6.673,2963.5,4.633,2963.2,44.268,2963.19,0.673,2963.18,0.337,2963.17,1.031,2963.15,0.684,2963.13,0.05,2963.12,0.338,2963.11,1.119,2963.1,0.007,2963.08,1.348
1715247464118,1715247464046014000,BINANCE,ETHUSDT,2963.47,32.224,2963.5,4.633,2963.51,1.314,2963.52,4.007,2963.53,6.007,2963.55,0.673,2963.56,0.673,2963.57,0.01,2963.59,0.673,2963.61,4.34,2963.46,14.914,2963.44,1.465,2963.43,0.673,2963.4,2.199,2963.39,0.673,2963.38,0.007,2963.36,0.05,2963.35,0.673,2963.32,2,2963.27,0.673
1715247464381,1715247464304825000,BINANCE,ETHUSDT,2963.47,38.284,2963.5,4.633,2963.51,1.314,2963.52,4.007,2963.53,6,2963.55,0.673,2963.56,0.673,2963.57,0.01,2963.59,0.673,2963.61,4.34,2963.46,10.569,2963.4,0.673,2963.39,0.673,2963.38,0.007,2963.36,0.971,2963.35,0.673,2963.32,2,2963.31,0.673,2963.27,0.673,2963.24,0.673
1715247464664,1715247464615322000,BINANCE,ETHUSDT,2963.81,12.647,2963.83,0.673,2963.84,2.007,2963.85,0.007,2963.86,4.268,2963.87,0.673,2963.88,0.673,2963.92,5.398,2963.93,4.838,2963.94,4.734,2963.8,18.304,2963.79,18.303,2963.78,18.302,2963.77,16.301,2963.76,18.302,2963.74,18.303,2963.73,18.304,2963.72,18.301,2963.71,18.3,2963.7,18.298
1715247464932,1715247464858407000,BINANCE,ETHUSDT,2963.64,9.72,2963.67,2.041,2963.69,2,2963.72,0.673,2963.75,0.673,2963.79,0.673,2963.8,2.42,2963.81,6.853,2963.83,0.673,2963.85,0.007,2963.63,34.484,2963.59,0.673,2963.56,0.673,2963.52,0.007,2963.48,2.114,2963.47,0.722,2963.46,6.208,2963.43,0.683,2963.42,0.299,2963.41,0.822
1715247465187,1715247465115635000,BINANCE,ETHUSDT,2963.64,2.582,2963.67,0.041,2963.8,2.42,2963.81,6.853,2963.83,0.673,2963.85,0.007,2963.86,2.75,2963.87,1.068,2963.88,0.673,2963.93,1.872,2963.63,39.143,2963.6,0.075,2963.59,0.673,2963.56,0.673,2963.52,0.007,2963.49,0.021,2963.48,8.186,2963.47,0.722,2963.46,6.019,2963.43,12.075
1715247465456,1715247465387338000,BINANCE,ETHUSDT,2963.64,19.934,2963.67,0.714,2963.71,0.673,2963.72,0.673,2963.75,0.673,2963.79,0.673,2963.8,3.946,2963.81,6.853,2963.83,0.673,2963.85,0.007,2963.63,29.909,2963.6,0.075,2963.59,0.673,2963.56,0.673,2963.52,0.007,2963.47,5.505,2963.46,6,2963.43,0.95,2963.42,0.299,2963.41,10.104
1715247465724,1715247465649790000,BINANCE,ETHUSDT,2963.81,15.126,2963.83,0.673,2963.86,0.04,2963.87,1.068,2963.88,0.673,2963.91,0.673,2963.92,0.05,2963.93,2.958,2963.94,2.057,2963.95,0.673,2963.8,51.297,2963.79,0.673,2963.77,0.075,2963.75,0.673,2963.73,0.908,2963.72,0.673,2963.67,0.673,2963.66,6,2963.63,8.335,2963.6,1.526
1715247465980,1715247465913681000,BINANCE,ETHUSDT,2963.81,24.566,2963.83,0.673,2963.86,0.04,2963.87,1.068,2963.88,0.673,2963.91,0.673,2963.92,0.05,2963.93,2.958,2963.94,2.057,2963.95,0.673,2963.8,10.042,2963.78,0.1,2963.77,0.075,2963.74,0.446,2963.73,0.908,2963.72,0.68,2963.71,0.673,2963.67,0.673,2963.66,6,2963.63,6.481
1715247466262,1715247466189958000,BINANCE,ETHUSDT,2963.81,27.786,2963.83,0.673,2963.86,0.04,2963.87,1.068,2963.88,0.673,2963.91,0.673,2963.92,0.05,2963.93,2.958,2963.94,2.057,2963.95,0.673,2963.8,0.389,2963.78,0.1,2963.77,0.075,2963.74,0.446,2963.73,0.908,2963.72,0.007,2963.67,1.784,2963.66,6,2963.63,6.473,2963.59,0.673
1715247466535,1715247466460748000,BINANCE,ETHUSDT,2963.81,28.174,2963.83,0.673,2963.86,0.203,2963.87,1.068,2963.88,0.673,2963.91,0.673,2963.92,0.05,2963.93,6.106,2963.94,2.057,2963.95,0.929,2963.8,1.372,2963.78,0.1,2963.77,0.075,2963.73,0.908,2963.72,0.007,2963.67,3.239,2963.63,0.014,2963.58,0.01,2963.55,0.673,2963.52,0.007
1715247466792,1715247466718872000,BINANCE,ETHUSDT,2963.81,20.337,2963.83,0.673,2963.86,0.203,2963.87,1.068,2963.88,0.673,2963.91,0.673,2963.92,0.057,2963.93,6.106,2963.94,2.057,2963.95,0.929,2963.8,1.237,2963.78,0.1,2963.77,0.075,2963.73,0.908,2963.72,0.007,2963.63,0.014,2963.58,0.01,2963.52,0.007,2963.51,3.643,2963.5,0.068
1715247467044,1715247466970780000,BINANCE,ETHUSDT,2963.81,18.71,2963.83,0.673,2963.86,0.203,2963.87,1.068,2963.88,0.673,2963.89,0.007,2963.9,8.381,2963.91,0.673,2963.92,0.05,2963.93,0.22,2963.8,1.239,2963.78,0.1,2963.77,0.075,2963.73,0.908,2963.72,0.007,2963.63,0.014,2963.58,0.01,2963.57,0.913,2963.56,2.023,2963.55,0.673
1715247467317,1715247467242811000,BINANCE,ETHUSDT,2963.57,13.439,2963.59,0.673,2963.62,0.647,2963.63,0.673,2963.64,2,2963.71,0.683,2963.72,0.673,2963.73,14.391,2963.74,2.03,2963.75,0.673,2963.56,28.889,2963.55,0.673,2963.52,0.007,2963.51,0.673,2963.5,0.068,2963.48,3.042,2963.47,3.05,2963.46,6,2963.44,0.235,2963.43,0.673
1715247467576,1715247467502517000,BINANCE,ETHUSDT,2963.49,38.856,2963.5,1.989,2963.51,9.361,2963.53,2,2963.56,5.959,2963.57,36.036,2963.59,0.673,2963.6,1.526,2963.63,0.673,2963.64,2,2963.48,0.225,2963.47,2.377,2963.46,6,2963.45,1.649,2963.44,0.235,2963.42,0.299,2963.41,0.235,2963.39,0.673,2963.38,0.007,2963.36,1.007
1715247467829,1715247467756124000,BINANCE,ETHUSDT,2963.49,20.453,2963.51,0.673,2963.55,0.68,2963.56,6.041,2963.57,14.006,2963.59,0.673,2963.63,0.673,2963.64,2,2963.67,0.673,2963.68,0.007,2963.48,25.129,2963.47,4.684,2963.46,6,2963.45,1.649,2963.44,0.235,2963.42,0.299,2963.41,0.235,2963.4,0.673,2963.39,0.673,2963.38,0.007
1715247468083,1715247468006411000,BINANCE,ETHUSDT,2963.49,34.664,2963.51,0.673,2963.55,0.673,2963.56,0.673,2963.57,2.022,2963.59,0.673,2963.63,0.673,2963.64,2,2963.66,1.457,2963.67,0.673,2963.48,2.084,2963.47,4.684,2963.46,4,2963.45,1.649,2963.44,0.235,2963.42,0.299,2963.41,0.235,2963.38,0.007,2963.36,1,2963.35,0.673
1715247468334,1715247468260571000,BINANCE,ETHUSDT,2963.48,46.257,2963.49,20.024,2963.51,0.673,2963.55,0.673,2963.56,0.673,2963.57,2.032,2963.59,0.673,2963.6,1.526,2963.62,2.7,2963.63,0.673,2963.47,2.375,2963.45,1.649,2963.44,0.235,2963.42,0.299,2963.41,0.235,2963.38,0.007,2963.37,0.46,2963.36,1,2963.31,0.68,2963.27,0.673
1715247468586,1715247468513567000,BINANCE,ETHUSDT,2963.37,54.18,2963.38,0.007,2963.39,2.673,2963.4,2.199,2963.42,5.5,2963.43,18.714,2963.45,0.994,2963.46,1.573,2963.47,0.673,2963.48,5.954,2963.36,5.02,2963.31,0.007,2963.24,0.021,2963.23,5.3,2963.2,9.879,2963.19,0.673,2963.18,0.337,2963.17,4.38,2963.16,0.507,2963.15,2.205
1715247468844,1715247468775010000,BINANCE,ETHUSDT,2963.37,43.511,2963.38,0.007,2963.39,2.673,2963.4,0.673,2963.42,4,2963.43,4.673,2963.46,1.573,2963.47,0.673,2963.48,2.056,2963.49,2.275,2963.36,19.729,2963.32,0.483,2963.31,0.68,2963.27,0.673,2963.24,0.673,2963.23,3.257,2963.2,9.879,2963.19,0.673,2963.18,0.337,2963.17,4.38
1715247469100,1715247469026334000,BINANCE,ETHUSDT,2963.37,45.261,2963.38,0.007,2963.39,2.673,2963.4,0.673,2963.42,4,2963.43,4.673,2963.46,1.573,2963.47,0.673,2963.48,2.056,2963.49,2.275,2963.36,10.098,2963.31,0.007,2963.24,0.673,2963.23,4.749,2963.2,9.879,2963.19,0.673,2963.18,0.337,2963.17,4.38,2963.16,0.507,2963.15,2.205
1715247469386,1715247469322592000,BINANCE,ETHUSDT,2963.37,17.505,2963.38,1.3,2963.4,0.673,2963.43,2.673,2963.47,0.673,2963.48,0.014,2963.49,2.275,2963.5,0.007,2963.51,0.673,2963.55,0.723,2963.36,30.437,2963.35,0.673,2963.33,0.075,2963.32,0.378,2963.31,0.68,2963.27,0.723,2963.24,0.673,2963.23,4.827,2963.2,11.485,2963.19,0.673
1715247469646,1715247469579446000,BINANCE,ETHUSDT,2963.37,18.694,2963.38,1.3,2963.4,0.673,2963.43,2.673,2963.47,0.673,2963.48,0.014,2963.49,2.275,2963.5,0.007,2963.51,0.673,2963.55,0.723,2963.36,31.389,2963.35,0.673,2963.33,0.075,2963.32,0.378,2963.31,0.68,2963.27,0.823,2963.24,0.673,2963.23,4.827,2963.2,11.485,2963.19,0.673
1715247469926,1715247469851861000,BINANCE,ETHUSDT,2963.37,16.044,2963.38,0.007,2963.43,0.673,2963.47,0.673,2963.48,0.014,2963.49,0.267,2963.5,0.456,2963.51,0.673,2963.55,0.723,2963.56,0.673,2963.36,45.46,2963.35,0.673,2963.33,0.075,2963.32,1.047,2963.31,0.68,2963.29,2.352,2963.27,0.823,2963.24,0.673,2963.23,4.749,2963.2,11.485
1715247470217,1715247470153055000,BINANCE,ETHUSDT,2963.37,16.492,2963.38,0.007,2963.48,0.014,2963.49,0.267,2963.5,0.456,2963.51,0.673,2963.55,0.723,2963.56,0.673,2963.57,0.032,2963.59,0.68,2963.36,31.615,2963.35,0.673,2963.33,0.075,2963.32,0.378,2963.31,0.68,2963.27,0.823,2963.24,0.694,2963.23,4.749,2963.2,13.837,2963.19,0.673
1715247470486,1715247470410688000,BINANCE,ETHUSDT,2963.68,10.769,2963.72,0.673,2963.74,0.05,2963.75,0.673,2963.78,3.977,2963.79,0.673,2963.81,0.141,2963.83,0.68,2963.84,2.707,2963.86,0.294,2963.67,45.415,2963.66,4.01,2963.63,0.673,2963.6,3.526,2963.59,0.673,2963.56,0.673,2963.51,0.673,2963.49,21.347,2963.48,1.5,2963.47,2.673
1715247470745,1715247470668783000,BINANCE,ETHUSDT,2963.68,19.512,2963.71,0.673,2963.72,0.673,2963.74,0.05,2963.75,0.673,2963.78,1.996,2963.79,0.673,2963.81,0.141,2963.83,0.68,2963.84,0.007,2963.67,26.698,2963.66,4.01,2963.64,0.075,2963.61,0.915,2963.6,2,2963.59,0.673,2963.56,0.673,2963.55,0.673,2963.51,0.673,2963.48,1.5
1715247471003,1715247470932830000,BINANCE,ETHUSDT,2963.68,5.32,2963.74,0.05,2963.75,0.673,2963.78,1.996,2963.79,0.673,2963.81,0.141,2963.83,0.68,2963.84,0.007,2963.86,0.124,2963.87,0.673,2963.67,39.043,2963.66,4.01,2963.64,0.075,2963.63,0.673,2963.61,1.485,2963.6,3.526,2963.59,0.673,2963.56,0.673,2963.55,0.673,2963.52,0.201
1715247471256,1715247471183920000,BINANCE,ETHUSDT,2963.68,5.283,2963.72,0.673,2963.74,0.05,2963.75,0.673,2963.78,1.996,2963.79,0.673,2963.81,0.141,2963.83,0.68,2963.84,0.007,2963.86,0.124,2963.67,41.042,2963.66,4.01,2963.64,0.075,2963.63,0.673,2963.61,1.485,2963.6,3.526,2963.59,0.673,2963.56,0.673,2963.55,0.673,2963.52,0.201
1715247471508,1715247471440378000,BINANCE,ETHUSDT,2963.98,5.537,2963.99,0.841,2964.02,0.011,2964.04,0.673,2964.05,0.007,2964.07,2.175,2964.08,3.808,2964.11,1.689,2964.13,0.007,2964.16,0.017,2963.97,68.236,2963.95,0.673,2963.94,2,2963.93,0.075,2963.92,4,2963.91,0.673,2963.88,0.673,2963.87,0.673,2963.82,0.201,2963.81,0.007
1715247471769,1715247471710795000,BINANCE,ETHUSDT,2963.98,35.672,2963.99,1.514,2964,2.644,2964.02,0.011,2964.03,0.673,2964.04,0.673,2964.05,0.007,2964.07,2.848,2964.08,3.808,2964.11,2.362,2963.97,35.887,2963.94,0.075,2963.85,2.366,2963.82,0.201,2963.81,0.007,2963.79,0.008,2963.75,0.673,2963.74,1.093,2963.73,6.007,2963.72,3.119
1715247472020,1715247471961231000,BINANCE,ETHUSDT,2963.83,20.41,2963.86,2,2963.87,0.673,2963.88,0.683,2963.91,0.673,2963.95,6.673,2963.96,10.448,2963.98,8.039,2963.99,1.514,2964,2.644,2963.82,27.138,2963.79,0.681,2963.75,0.673,2963.74,2.647,2963.73,6.007,2963.72,0.673,2963.71,0.673,2963.68,2.007,2963.67,2.673,2963.66,2
1715247472282,1715247472205633000,BINANCE,ETHUSDT,2963.83,21.499,2963.86,2,2963.87,0.673,2963.88,0.683,2963.91,0.673,2963.94,3.368,2963.95,6.673,2963.98,8.039,2963.99,1.514,2964,2.644,2963.82,8.335,2963.79,0.008,2963.75,0.673,2963.74,2.647,2963.73,6.007,2963.72,0.673,2963.71,0.673,2963.68,2.007,2963.67,2.673,2963.66,2
1715247472554,1715247472483260000,BINANCE,ETHUSDT,2963.83,7.542,2963.86,2,2963.93,0.383,2963.94,4.744,2963.95,6.673,2963.98,6.039,2963.99,1.514,2964,1.118,2964.01,2.71,2964.02,0.011,2963.82,31.005,2963.8,1.526,2963.79,0.681,2963.75,0.673,2963.74,2.647,2963.73,6.007,2963.72,0.673,2963.71,0.673,2963.68,2.007,2963.67,2.874
1715247472827,1715247472752496000,BINANCE,ETHUSDT,2963.83,7.226,2963.86,2,2963.87,0.673,2963.88,0.673,2963.91,0.673,2963.93,0.39,2963.94,4.744,2963.95,6.673,2963.98,4.039,2963.99,1.514,2963.82,26.507,2963.79,0.681,2963.75,0.673,2963.74,2.647,2963.73,6.007,2963.72,0.673,2963.71,0.673,2963.68,2.007,2963.67,2.673,2963.66,2
1715247473079,1715247473006010000,BINANCE,ETHUSDT,2963.83,0.51,2963.93,0.05,2963.94,4.744,2963.95,4.673,2963.98,4.039,2963.99,1.514,2964,1.118,2964.01,0.01,2964.02,0.011,2964.03,0.673,2963.82,28.448,2963.8,1.526,2963.79,0.681,2963.75,0.673,2963.74,2.647,2963.73,6.007,2963.72,0.673,2963.71,0.673,2963.68,2.007,2963.67,2.874
1715247473332,1715247473261266000,BINANCE,ETHUSDT,2963.83,9.39,2963.87,0.673,2963.88,0.673,2963.91,0.673,2963.93,0.05,2963.94,4.744,2963.95,4.673,2963.98,4.039,2963.99,1.514,2964,2.644,2963.82,20.365,2963.79,0.681,2963.75,0.673,2963.74,2.647,2963.73,6.007,2963.72,0.673,2963.71,0.673,2963.68,2.007,2963.67,2.673,2963.66,2
1715247473588,1715247473513605000,BINANCE,ETHUSDT,2964.08,12.989,2964.09,1.118,2964.1,0.163,2964.11,0.673,2964.15,0.673,2964.16,0.007,2964.17,0.007,2964.18,5.056,2964.2,0.673,2964.21,14.695,2964.07,21.761,2964.06,4,2964.04,0.673,2964.03,0.673,2964,1.733,2963.99,0.007,2963.98,0.409,2963.97,2,2963.95,0.673,2963.94,2.17
1715247473873,1715247473803276000,BINANCE,ETHUSDT,2964.08,12.25,2964.09,1.118,2964.1,0.163,2964.11,0.673,2964.15,0.673,2964.16,0.007,2964.17,0.007,2964.18,5.056,2964.2,0.673,2964.21,14.695,2964.07,23.758,2964.06,4,2964.04,0.748,2964.03,0.673,2964,0.207,2963.99,0.68,2963.98,0.409,2963.97,2,2963.95,0.673,2963.94,2.17
1715247474127,1715247474056571000,BINANCE,ETHUSDT,2964.08,12.636,2964.09,1.118,2964.1,0.163,2964.11,0.673,2964.15,0.673,2964.16,0.007,2964.18,5.056,2964.19,0.673,2964.2,0.673,2964.21,14.695,2964.07,23.786,2964.06,4,2964.04,0.955,2964.03,0.673,2964,0.207,2963.99,0.68,2963.98,0.409,2963.97,2.207,2963.95,0.673,2963.94,2.17
1715247474404,1715247474335589000,BINANCE,ETHUSDT,2964.08,7.127,2964.14,1.904,2964.16,0.007,2964.18,2.406,2964.2,0.007,2964.22,0.007,2964.23,0.333,2964.25,0.007,2964.28,0.008,2964.3,1.696,2964.07,33.508,2964.06,4,2964.04,0.955,2964.03,0.673,2964,1.733,2963.99,0.68,2963.98,0.409,2963.97,2.207,2963.95,0.673,2963.94,2.17
1715247474662,1715247474590046000,BINANCE,ETHUSDT,2964.6,60.452,2964.61,0.168,2964.62,0.011,2964.63,0.673,2964.64,1.147,2964.66,2.699,2964.68,0.944,2964.69,9.516,2964.7,0.163,2964.71,0.021,2964.59,2.206,2964.56,0.015,2964.52,0.015,2964.51,0.673,2964.48,0.015,2964.47,0.673,2964.44,0.015,2964.43,0.68,2964.4,0.015,2964.36,3.322
1715247474925,1715247474855099000,BINANCE,ETHUSDT,2964.6,57.455,2964.61,0.168,2964.62,0.011,2964.63,0.673,2964.64,1.14,2964.66,2.699,2964.68,0.944,2964.69,9.509,2964.7,0.163,2964.71,0.021,2964.59,2.114,2964.56,0.015,2964.52,0.015,2964.48,0.015,2964.44,0.015,2964.43,0.68,2964.4,0.015,2964.39,0.673,2964.36,2.154,2964.35,0.68
1715247475179,1715247475111900000,BINANCE,ETHUSDT,2964.44,24.986,2964.45,4,2964.47,0.673,2964.5,0.007,2964.52,5.636,2964.53,7.349,2964.55,0.673,2964.59,11.502,2964.6,5.077,2964.61,0.168,2964.43,25.692,2964.4,0.015,2964.39,0.673,2964.37,0.577,2964.36,0.688,2964.35,0.68,2964.32,0.022,2964.31,0.673,2964.28,0.015,2964.27,4.68
1715247475445,1715247475383989000,BINANCE,ETHUSDT,2964.54,0.008,2964.6,1.409,2964.61,0.168,2964.62,10.733,2964.64,1.14,2964.68,0.015,2964.7,8.294,2964.71,0.021,2964.72,0.022,2964.74,1.694,2964.53,25.129,2964.52,47.701,2964.51,0.687,2964.5,43.124,2964.49,7.5,2964.48,4,2964.47,0.673,2964.46,3.177,2964.43,7.038,2964.41,0.1
1715247475697,1715247475642874000,BINANCE,ETHUSDT,2964.61,29.742,2964.62,0.011,2964.63,0.673,2964.64,1.133,2964.68,0.688,2964.69,1.327,2964.7,2.395,2964.71,0.694,2964.72,0.185,2964.74,1.694,2964.6,22.034,2964.59,4,2964.53,2.128,2964.52,4,2964.51,0.687,2964.5,2.1,2964.49,2,2964.48,4,2964.47,0.673,2964.46,3.177
1715247475955,1715247475881422000,BINANCE,ETHUSDT,2964.61,15.061,2964.62,0.011,2964.64,0.015,2964.68,0.688,2964.69,2.389,2964.7,2.395,2964.71,0.694,2964.72,0.185,2964.74,1.694,2964.75,2.709,2964.6,28.03,2964.59,4.673,2964.55,0.673,2964.54,5.299,2964.53,2,2964.52,4.673,2964.51,0.673,2964.5,2.1,2964.49,2,2964.48,4
1715247476222,1715247476150411000,BINANCE,ETHUSDT,2964.61,6.458,2964.62,0.011,2964.64,0.015,2964.68,0.015,2964.69,2.389,2964.7,2.395,2964.71,0.021,2964.72,0.022,2964.74,1.694,2964.75,0.01,2964.6,35.555,2964.59,4.673,2964.55,0.673,2964.54,5.299,2964.53,2,2964.52,4.673,2964.51,3.045,2964.5,2.1,2964.49,2.234,2964.48,4
1715247476477,1715247476411993000,BINANCE,ETHUSDT,2964.61,15.619,2964.62,0.011,2964.64,0.015,2964.68,0.688,2964.69,1.538,2964.7,2.395,2964.71,0.68,2964.72,0.022,2964.74,1.694,2964.75,0.01,2964.6,33.963,2964.59,4.673,2964.57,1.847,2964.55,0.673,2964.54,5.299,2964.53,2,2964.52,4.673,2964.51,0.972,2964.5,2.1,2964.49,2.577
1715247476746,1715247476673865000,BINANCE,ETHUSDT,2964.61,9.332,2964.62,0.011,2964.64,0.015,2964.68,0.015,2964.69,1.538,2964.7,2.395,2964.71,0.007,2964.72,0.022,2964.74,1.694,2964.75,0.01,2964.6,39.308,2964.59,4.673,2964.57,1.698,2964.55,0.673,2964.54,5.299,2964.53,2,2964.52,4.673,2964.51,0.972,2964.5,2.1,2964.49,2.577
1715247477011,1715247476937639000,BINANCE,ETHUSDT,2964.7,5.84,2964.71,0.007,2964.72,0.015,2964.74,1.694,2964.76,0.015,2964.78,0.166,2964.8,1.802,2964.83,0.007,2964.84,0.015,2964.85,0.148,2964.69,113.866,2964.68,1.057,2964.67,6.683,2964.65,0.505,2964.64,2,2964.63,0.673,2964.62,0.014,2964.61,7.32,2964.6,11.037,2964.59,2.68
1715247477264,1715247477193534000,BINANCE,ETHUSDT,2964.9,12.343,2964.91,0.019,2964.92,0.015,2964.96,0.805,2964.97,1.118,2964.99,8.414,2965,16.541,2965.01,0.012,2965.03,0.008,2965.04,0.065,2964.89,65.078,2964.84,1.346,2964.83,2,2964.82,4.296,2964.8,4.647,2964.79,1.704,2964.76,1.985,2964.75,2.482,2964.73,2.013,2964.72,1.959
1715247477520,1715247477452881000,BINANCE,ETHUSDT,2964.9,19.607,2964.91,0.019,2964.92,0.015,2964.96,0.805,2964.97,1.118,2964.99,8.414,2965,16.704,2965.01,0.012,2965.03,0.008,2965.04,0.065,2964.89,42.173,2964.84,1.346,2964.83,2,2964.82,4.296,2964.8,3.121,2964.79,1.704,2964.76,1.985,2964.75,1.791,2964.73,0.52,2964.72,1.959
1715247477781,1715247477716591000,BINANCE,ETHUSDT,2964.9,15.685,2964.91,0.019,2964.92,0.015,2964.96,0.805,2964.97,1.118,2964.98,0.007,2964.99,8.414,2965,16.541,2965.01,0.012,2965.03,0.008,2964.89,26.509,2964.85,2.735,2964.84,1.346,2964.83,2,2964.82,4.296,2964.8,0.673,2964.79,1.704,2964.76,1.992,2964.75,1.791,2964.73,0.512
1715247478047,1715247477975466000,BINANCE,ETHUSDT,2964.9,20.588,2964.91,0.019,2964.92,0.015,2964.96,0.805,2964.97,1.118,2964.99,8.414,2965,16.541,2965.01,0.175,2965.03,0.008,2965.04,0.065,2964.89,22.304,2964.85,2.735,2964.84,1.346,2964.83,2,2964.82,4.296,2964.8,0.673,2964.79,1.704,2964.76,2.199,2964.75,1.791,2964.73,0.719
1715247478326,1715247478256700000,BINANCE,ETHUSDT,2964.9,1.351,2964.91,0.019,2964.92,0.015,2964.96,0.132,2964.97,1.118,2964.98,0.007,2964.99,8.414,2965,15.868,2965.01,0.012,2965.03,0.008,2964.89,36.337,2964.85,2.735,2964.84,1.346,2964.83,2,2964.82,4.296,2964.8,0.673,2964.79,1.704,2964.76,2.199,2964.75,1.791,2964.73,0.719
1715247478578,1715247478509650000,BINANCE,ETHUSDT,2965,16.536,2965.03,0.008,2965.04,0.065,2965.06,0.018,2965.07,1.829,2965.08,7.5,2965.09,1.711,2965.11,5.306,2965.12,3.194,2965.13,0.336,2964.99,55.924,2964.98,0.8,2964.96,0.673,2964.95,2,2964.92,4.639,2964.91,2,2964.9,1.626,2964.89,13.184,2964.84,1.346,2964.83,2.007
1715247478849,1715247478780848000,BINANCE,ETHUSDT,2965,16.438,2965.03,0.681,2965.04,0.015,2965.06,0.018,2965.07,1.822,2965.08,0.769,2965.09,1.711,2965.1,0.17,2965.11,5.306,2965.12,3.194,2964.99,41.551,2964.95,2.673,2964.92,4.639,2964.91,2,2964.9,1.626,2964.89,3.098,2964.87,2.321,2964.84,1.346,2964.83,2.007,2964.82,4.296
1715247479130,1715247479054327000,BINANCE,ETHUSDT,2965,18.338,2965.03,0.681,2965.04,0.015,2965.06,0.018,2965.07,1.822,2965.08,0.769,2965.09,0.05,2965.1,0.17,2965.12,3.194,2965.13,0.336,2964.99,22.832,2964.96,3.043,2964.95,2.673,2964.92,4.639,2964.91,2,2964.9,1.626,2964.89,2.322,2964.87,2.321,2964.85,1.2,2964.84,1.346
1715247479382,1715247479317630000,BINANCE,ETHUSDT,2965.4,46.099,2965.42,0.007,2965.43,0.673,2965.44,4.316,2965.47,1.659,2965.48,3.291,2965.5,1.965,2965.51,0.681,2965.52,0.015,2965.55,19.39,2965.39,15.235,2965.37,1.289,2965.34,0.008,2965.31,0.137,2965.3,0.037,2965.27,0.711,2965.26,6.417,2965.24,1.289,2965.22,1.648,2965.21,3.707
1715247479634,1715247479563967000,BINANCE,ETHUSDT,2965.1,64.587,2965.11,4.441,2965.12,4,2965.16,0.929,2965.19,0.673,2965.2,6.224,2965.21,0.007,2965.22,6.178,2965.23,10,2965.27,1.068,2965.09,8.113,2965.07,2.029,2965.05,0.189,2965.04,2.595,2965.03,3.962,2965,1.09,2964.99,2.696,2964.96,0.007,2964.95,0.673,2964.92,0.68
1715247479887,1715247479817741000,BINANCE,ETHUSDT,2965.1,60.998,2965.11,4.173,2965.12,4,2965.15,2.499,2965.16,0.929,2965.19,0.673,2965.2,6.224,2965.21,0.007,2965.22,2,2965.23,10,2965.09,12.121,2965.07,0.673,2965.05,0.189,2965.04,2.595,2965.03,3.962,2965,1.09,2964.99,2.688,2964.96,0.007,2964.95,0.673,2964.92,0.007
1715247480152,1715247480089239000,BINANCE,ETHUSDT,2965.1,27.565,2965.11,2.673,2965.12,4,2965.15,2.499,2965.16,0.929,2965.19,0.673,2965.2,6.224,2965.21,0.007,2965.22,2,2965.23,5.5,2965.09,10.06,2965.07,0.673,2965.05,0.189,2965.04,2.595,2965.03,3.962,2965,0.99,2964.99,2.688,2964.96,0.007,2964.95,0.673,2964.92,0.007
1715247480419,1715247480343719000,BINANCE,ETHUSDT,2965.1,28.616,2965.11,2.673,2965.12,4,2965.15,2.499,2965.16,0.929,2965.19,0.673,2965.2,6.224,2965.21,0.007,2965.22,2,2965.23,5.5,2965.09,6.543,2965.07,0.673,2965.05,0.189,2965.04,2.595,2965.03,3.962,2965,2.99,2964.99,2.688,2964.96,0.007,2964.95,0.673,2964.92,0.007
1715247480679,1715247480606891000,BINANCE,ETHUSDT,2965.2,2.008,2965.21,0.007,2965.26,1.014,2965.27,0.395,2965.32,0.731,2965.34,0.405,2965.35,0.723,2965.36,0.357,2965.37,4.275,2965.4,10.605,2965.19,44.214,2965.16,0.673,2965.15,0.673,2965.11,10.481,2965.1,11.092,2965.09,12.24,2965.07,0.673,2965.05,0.189,2965.04,2.595,2965.03,3.962
1715247480930,1715247480857834000,BINANCE,ETHUSDT,2965.2,2.584,2965.21,0.007,2965.26,0.007,2965.31,0.594,2965.32,0.731,2965.34,0.405,2965.35,0.673,2965.36,0.504,2965.39,1.383,2965.4,10.605,2965.19,45.609,2965.16,0.673,2965.15,0.673,2965.12,3.432,2965.11,0.673,2965.09,6.022,2965.07,0.673,2965.05,0.189,2965.04,2.595,2965.03,3.962
1715247481189,1715247481123724000,BINANCE,ETHUSDT,2965.32,19.018,2965.35,0.673,2965.36,0.497,2965.38,0.146,2965.39,4.984,2965.4,10.605,2965.43,0.673,2965.44,4.316,2965.47,0.007,2965.48,2.875,2965.31,8.177,2965.28,2.559,2965.26,6,2965.23,0.673,2965.21,0.007,2965.2,1.526,2965.19,6.873,2965.16,0.673,2965.15,0.673,2965.12,1.725
1715247481442,1715247481369771000,BINANCE,ETHUSDT,2965.2,26.178,2965.21,0.007,2965.22,7.5,2965.27,10.79,2965.29,0.29,2965.31,7.616,2965.32,11.084,2965.34,2.708,2965.35,0.673,2965.36,0.497,2965.19,0.944,2965.16,0.673,2965.15,0.673,2965.1,0.938,2965.09,2.452,2965.07,0.673,2965.06,0.007,2965.05,0.189,2965.03,0.673,2965.01,1.501
1715247481696,1715247481625304000,BINANCE,ETHUSDT,2965.2,18.22,2965.21,0.007,2965.22,6,2965.26,6.116,2965.29,0.29,2965.32,7.377,2965.34,2.708,2965.36,0.497,2965.38,0.146,2965.4,15.807,2965.19,17.729,2965.16,0.673,2965.15,0.673,2965.11,0.673,2965.1,0.938,2965.09,2.452,2965.07,0.673,2965.06,0.007,2965.05,0.189,2965.03,0.673
1715247481950,1715247481878017000,BINANCE,ETHUSDT,2965.2,7.281,2965.21,0.007,2965.22,4,2965.29,0.29,2965.31,3.222,2965.32,2.754,2965.34,2.708,2965.35,0.673,2965.36,0.497,2965.38,0.146,2965.19,24.697,2965.16,0.673,2965.15,0.673,2965.11,0.673,2965.1,0.938,2965.09,2.452,2965.07,0.673,2965.05,0.189,2965.03,0.673,2965,15.507
1715247482210,1715247482138650000,BINANCE,ETHUSDT,2965.2,18.6,2965.21,0.007,2965.22,2,2965.27,0.673,2965.29,0.29,2965.31,1.533,2965.32,2.754,2965.34,0.01,2965.35,0.673,2965.36,0.497,2965.19,18.178,2965.15,0.673,2965.12,0.341,2965.11,0.673,2965.1,0.938,2965.09,2.452,2965.07,0.673,2965.05,0.189,2965.03,0.673,2965.01,4.243
1715247482468,1715247482423756000,BINANCE,ETHUSDT,2965.1,66.334,2965.11,10.173,2965.15,6.735,2965.16,0.673,2965.19,0.673,2965.2,12.837,2965.21,0.007,2965.27,0.673,2965.28,0.256,2965.29,0.29,2965.09,4.478,2965.07,0.673,2965.05,0.189,2965.04,2.223,2965.03,0.673,2965,3.49,2964.99,0.688,2964.96,0.007,2964.95,0.673,2964.92,0.007
1715247482734,1715247482671091000,BINANCE,ETHUSDT,2965.36,11.347,2965.37,10.828,2965.38,0.146,2965.4,10.605,2965.44,3.587,2965.47,0.007,2965.48,2.202,2965.49,0.01,2965.5,1.996,2965.51,0.008,2965.35,82.292,2965.34,68.033,2965.33,5.7,2965.32,0.673,2965.31,6.683,2965.28,2.2,2965.27,12.101,2965.26,1.778,2965.23,0.673,2965.21,0.007
1715247482989,1715247482923333000,BINANCE,ETHUSDT,2965.4,10.613,2965.44,3.587,2965.47,0.007,2965.48,2.202,2965.49,0.643,2965.5,1.996,2965.51,0.008,2965.52,0.015,2965.56,0.015,2965.57,0.435,2965.39,87.673,2965.38,28.204,2965.37,0.034,2965.36,17.985,2965.35,0.687,2965.33,4,2965.32,0.673,2965.31,4.673,2965.3,0.007,2965.28,2
1715247483247,1715247483180720000,BINANCE,ETHUSDT,2965.4,9.232,2965.44,3.58,2965.47,0.007,2965.48,2.202,2965.49,0.637,2965.5,1.996,2965.51,0.008,2965.52,0.015,2965.56,0.015,2965.57,0.435,2965.39,78.684,2965.36,17.601,2965.35,0.687,2965.33,4,2965.32,0.673,2965.31,4.673,2965.3,0.007,2965.28,2,2965.27,1.014,2965.23,0.673
1715247483515,1715247483450908000,BINANCE,ETHUSDT,2965.4,9.95,2965.44,3.58,2965.47,0.007,2965.48,2.202,2965.5,1.996,2965.51,0.008,2965.52,0.015,2965.56,0.015,2965.57,0.435,2965.58,0.007,2965.39,92.656,2965.36,6,2965.35,0.687,2965.33,4,2965.32,0.673,2965.31,4.673,2965.3,0.007,2965.28,2,2965.27,1.014,2965.25,0.2
1715247483771,1715247483701470000,BINANCE,ETHUSDT,2965.4,10.115,2965.44,3.58,2965.47,0.007,2965.48,2.202,2965.5,1.996,2965.51,0.008,2965.52,0.015,2965.56,0.015,2965.57,0.435,2965.58,0.007,2965.39,79.135,2965.36,6,2965.35,0.687,2965.33,4,2965.32,0.673,2965.31,4.673,2965.3,0.007,2965.28,2,2965.27,1.014,2965.25,0.3
1715247484052,1715247483988375000,BINANCE,ETHUSDT,2965.4,28.197,2965.42,2.276,2965.43,0.673,2965.44,3.58,2965.47,0.007,2965.48,2.875,2965.5,1.996,2965.51,0.681,2965.52,2.713,2965.56,0.015,2965.39,18.424,2965.36,6,2965.34,0.05,2965.33,4,2965.31,4,2965.3,0.007,2965.28,2,2965.27,0.341,2965.24,0.066,2965.21,0.166
1715247484316,1715247484252869000,BINANCE,ETHUSDT,2965.4,29.149,2965.42,4.974,2965.43,0.673,2965.44,3.58,2965.47,0.007,2965.48,2.875,2965.5,2.159,2965.51,0.681,2965.52,2.969,2965.53,0.05,2965.39,6.056,2965.37,3.957,2965.36,4,2965.33,4,2965.31,2,2965.3,0.007,2965.28,2,2965.24,0.066,2965.21,0.166,2965.2,0.557
1715247484584,1715247484515911000,BINANCE,ETHUSDT,2965.4,27.367,2965.42,4.974,2965.43,0.673,2965.44,3.58,2965.47,0.007,2965.48,2.875,2965.5,2.159,2965.51,0.681,2965.52,2.969,2965.53,0.05,2965.39,9.106,2965.37,3.957,2965.36,4,2965.35,0.673,2965.33,4,2965.32,0.673,2965.31,2.673,2965.3,0.007,2965.28,2,2965.27,0.673
1715247484845,1715247484793326000,BINANCE,ETHUSDT,2965.22,80.858,2965.24,1.5,2965.25,0.533,2965.26,0.697,2965.27,0.673,2965.31,4.294,2965.32,2.173,2965.34,0.01,2965.35,0.673,2965.36,5.065,2965.21,16,2965.2,0.557,2965.15,2.022,2965.14,2.197,2965.13,0.341,2965.12,2,2965.11,2,2965.1,0.014,2965.09,2.168,2965.06,0.007
1715247485104,1715247485043535000,BINANCE,ETHUSDT,2965.01,6.637,2965.07,6,2965.09,3.774,2965.1,2,2965.11,2,2965.13,2,2965.14,1.123,2965.15,4.699,2965.16,0.673,2965.19,0.673,2965,28.277,2964.99,0.705,2964.96,0.39,2964.95,0.673,2964.92,0.007,2964.91,0.68,2964.89,0.723,2964.85,3.961,2964.84,0.673,2964.83,2.271
1715247485364,1715247485294952000,BINANCE,ETHUSDT,2965.01,22.032,2965.05,3.545,2965.06,3.293,2965.07,6,2965.1,2,2965.11,2.673,2965.13,2,2965.14,1.123,2965.15,2,2965.16,0.673,2965,26.876,2964.99,0.705,2964.96,0.39,2964.95,0.673,2964.92,0.007,2964.91,0.68,2964.89,0.323,2964.85,3.961,2964.84,0.673,2964.83,2.271
1715247485634,1715247485568953000,BINANCE,ETHUSDT,2965.01,41.655,2965.03,0.673,2965.05,3.545,2965.06,3.293,2965.07,6,2965.1,2,2965.11,2.673,2965.14,1.123,2965.16,3.372,2965.19,12.007,2965,3.383,2964.99,0.032,2964.96,0.007,2964.92,0.007,2964.91,0.007,2964.89,0.323,2964.85,3.961,2964.83,0.803,2964.82,0.296,2964.81,2.13
1715247485886,1715247485815659000,BINANCE,ETHUSDT,2964.74,49.727,2964.75,4,2964.77,6,2964.78,5.561,2964.79,0.673,2964.8,1.646,2964.81,4,2964.83,2.329,2964.84,7.19,2964.86,2,2964.73,0.222,2964.7,0.117,2964.66,1.204,2964.65,0.317,2964.64,0.284,2964.63,1.768,2964.61,0.22,2964.6,1.319,2964.59,0.007,2964.56,3.956
1715247486144,1715247486096770000,BINANCE,ETHUSDT,2964.35,37.1,2964.36,0.941,2964.37,1.576,2964.38,9.576,2964.39,0.673,2964.4,1.526,2964.41,1.565,2964.42,24.194,2964.43,20.367,2964.44,7.546,2964.34,0.577,2964.33,1.473,2964.32,0.015,2964.3,0.507,2964.29,1.014,2964.28,0.522,2964.27,0.689,2964.24,0.015,2964.22,0.007,2964.21,3.829
1715247486396,1715247486322253000,BINANCE,ETHUSDT,2964.34,64.006,2964.35,9.507,2964.36,0.673,2964.38,6,2964.39,0.673,2964.4,1.526,2964.42,8.843,2964.43,12.122,2964.44,7.802,2964.45,0.01,2964.33,1.329,2964.32,0.015,2964.28,0.015,2964.27,0.007,2964.24,0.015,2964.22,0.007,2964.2,0.015,2964.19,0.007,2964.16,0.022,2964.14,0.04
1715247486654,1715247486604377000,BINANCE,ETHUSDT,2964.34,2.797,2964.35,0.228,2964.44,7.546,2964.45,0.01,2964.5,0.007,2964.51,1.251,2964.52,1.118,2964.54,1.5,2964.58,0.007,2964.6,0.017,2964.33,49.998,2964.32,0.015,2964.31,0.673,2964.28,0.015,2964.27,0.68,2964.24,0.178,2964.23,0.673,2964.22,0.007,2964.21,1.015,2964.2,2.214
1715247486915,1715247486849164000,BINANCE,ETHUSDT,2964.87,0.347,2964.89,0.014,2964.91,0.748,2964.92,0.008,2964.94,0.1,2964.97,0.007,2964.98,0.02,2965,0.17,2965.01,1.648,2965.03,0.092,2964.86,55.468,2964.85,4,2964.84,1.173,2964.83,2.673,2964.82,4,2964.8,1.526,2964.79,0.673,2964.77,0.077,2964.75,2.105,2964.71,0.673
1715247487171,1715247487103336000,BINANCE,ETHUSDT,2964.87,1.368,2964.92,0.008,2964.94,0.1,2964.97,0.007,2964.98,0.02,2965,0.17,2965.01,0.148,2965.02,0.155,2965.03,0.092,2965.04,1.143,2964.86,78.485,2964.85,4,2964.84,0.673,2964.83,2.673,2964.82,4,2964.8,1.526,2964.79,0.673,2964.77,0.077,2964.75,2.105,2964.72,1.184
1715247487437,1715247487373497000,BINANCE,ETHUSDT,2965.05,3.701,2965.12,0.007,2965.13,0.007,2965.16,0.007,2965.18,1.118,2965.2,0.017,2965.21,0.014,2965.22,0.353,2965.26,8.403,2965.27,0.435,2965.04,50.333,2965.03,17.082,2965.01,15.854,2965,2.209,2964.99,2.451,2964.98,2,2964.95,0.673,2964.87,0.708,2964.86,2.861,2964.85,4
1715247487691,1715247487618024000,BINANCE,ETHUSDT,2965.05,13.541,2965.12,0.007,2965.13,0.007,2965.15,0.578,2965.16,0.68,2965.18,1.118,2965.19,0.673,2965.2,0.017,2965.21,0.014,2965.22,0.353,2965.04,57.255,2965.03,14.384,2965.01,6,2965,2.299,2964.99,0.673,2964.98,2,2964.95,0.673,2964.89,0.05,2964.87,0.673,2964.86,0.699
1715247487949,1715247487875611000,BINANCE,ETHUSDT,2965.05,13.841,2965.12,0.007,2965.13,0.007,2965.16,0.68,2965.17,0.38,2965.18,1.118,2965.2,0.066,2965.21,0.014,2965.22,0.353,2965.23,0.328,2965.04,62.019,2965.03,4.673,2965.01,6,2965,0.773,2964.99,0.673,2964.98,2,2964.95,0.673,2964.91,0.673,2964.89,0.251,2964.87,0.673
1715247488207,1715247488132917000,BINANCE,ETHUSDT,2965.05,13.675,2965.12,0.007,2965.13,0.007,2965.15,0.796,2965.16,0.68,2965.18,1.125,2965.19,0.673,2965.2,0.017,2965.21,0.014,2965.22,0.452,2965.04,59.055,2965.03,4.673,2965.01,6,2965,0.773,2964.99,0.673,2964.98,2,2964.95,0.673,2964.91,0.673,2964.89,0.251,2964.87,0.673
1715247488467,1715247488394890000,BINANCE,ETHUSDT,2965.05,1.239,2965.12,0.007,2965.13,0.007,2965.16,0.007,2965.18,0.007,2965.2,0.01,2965.21,0.014,2965.22,0.353,2965.26,1.334,2965.27,0.435,2965.04,63.473,2965.03,4.673,2965.01,6,2965,0.773,2964.99,0.673,2964.98,2,2964.95,0.94,2964.91,0.673,2964.89,0.05,2964.88,0.256
1715247488725,1715247488650256000,BINANCE,ETHUSDT,2965.26,21.683,2965.27,0.147,2965.28,0.336,2965.29,0.007,2965.3,0.032,2965.31,0.936,2965.32,0.008,2965.35,0.007,2965.37,0.782,2965.38,2.037,2965.25,56.859,2965.21,6.007,2965.19,0.673,2965.16,1.346,2965.12,0.05,2965.11,11.06,2965.07,0.673,2965.06,0.01,2965.04,2.907,2965.03,6.702
1715247488963,1715247488900543000,BINANCE,ETHUSDT,2965.26,19.332,2965.27,0.147,2965.28,0.336,2965.3,0.032,2965.31,0.5,2965.32,0.008,2965.37,0.782,2965.38,2.037,2965.4,12.383,2965.42,7.78,2965.25,52.156,2965.21,6.007,2965.19,0.673,2965.16,1.346,2965.12,0.05,2965.11,6.673,2965.09,0.007,2965.06,0.01,2965.04,2.653,2965.03,6.702
1715247489243,1715247489168498000,BINANCE,ETHUSDT,2965.26,17.908,2965.27,0.82,2965.28,0.336,2965.3,0.032,2965.31,0.937,2965.32,0.681,2965.35,0.673,2965.37,0.782,2965.38,2.037,2965.39,0.014,2965.25,47.663,2965.21,6.007,2965.19,0.673,2965.16,1.346,2965.12,0.05,2965.11,6.673,2965.09,0.007,2965.06,0.01,2965.04,2.653,2965.03,6.702
1715247489498,1715247489428595000,BINANCE,ETHUSDT,2965.26,21.884,2965.27,0.82,2965.28,0.336,2965.31,0.937,2965.32,0.681,2965.35,0.673,2965.37,0.782,2965.38,2.037,2965.39,0.014,2965.4,12.284,2965.25,30.386,2965.21,6.007,2965.19,0.673,2965.16,1.346,2965.12,0.05,2965.11,6.673,2965.09,0.007,2965.06,0.01,2965.04,2.653,2965.03,6.702
1715247489761,1715247489688637000,BINANCE,ETHUSDT,2965.26,24.353,2965.27,0.82,2965.28,0.336,2965.31,0.937,2965.32,0.681,2965.35,0.673,2965.36,0.099,2965.37,0.782,2965.38,2.037,2965.39,0.014,2965.25,17.516,2965.21,0.007,2965.12,0.05,2965.11,6,2965.09,0.007,2965.06,0.01,2965.04,0.892,2965.03,6.029,2965.01,4,2965,0.1
1715247490015,1715247489961059000,BINANCE,ETHUSDT,2965.04,41.024,2965.05,2,2965.07,1.532,2965.1,4,2965.11,3.372,2965.12,4.043,2965.13,4,2965.16,1.602,2965.18,2.699,2965.19,0.973,2965.03,4.081,2965.01,0.225,2965,0.1,2964.96,0.007,2964.95,0.488,2964.94,1.648,2964.93,0.05,2964.88,2.093,2964.86,3.646,2964.84,0.007
1715247490263,1715247490299033000,BINANCE,ETHUSDT,2964.95,87.052,2964.96,5.628,2964.97,5.78,2964.98,0.007,2965,2.199,2965.01,2.699,2965.02,2,2965.03,0.673,2965.04,4.998,2965.05,2.163,2964.94,2.366,2964.93,0.05,2964.86,0.299,2964.84,0.007,2964.82,0.225,2964.81,2.248,2964.78,0.738,2964.77,0.506,2964.76,0.017,2964.75,3.438
1715247490524,1715247490470736000,BINANCE,ETHUSDT,2965.37,25.039,2965.38,2.037,2965.4,12.081,2965.41,0.416,2965.44,4.12,2965.47,0.007,2965.48,7.855,2965.49,0.058,2965.5,1.965,2965.51,0.681,2965.36,58.647,2965.35,0.687,2965.34,7.727,2965.33,4.4,2965.32,0.673,2965.31,2,2965.28,0.673,2965.26,2,2965.24,13.291,2965.21,0.015
1715247490776,1715247490712466000,BINANCE,ETHUSDT,2965.37,22.097,2965.38,2.037,2965.39,5.513,2965.4,13.607,2965.41,0.416,2965.43,0.673,2965.44,4.113,2965.47,0.263,2965.48,7.855,2965.49,0.05,2965.36,2.52,2965.21,0.015,2965.19,0.994,2965.17,0.014,2965.12,1.655,2965.09,5.4,2965.08,6.1,2965.07,3.528,2965.06,0.01,2965.05,4.526
1715247491034,1715247490976064000,BINANCE,ETHUSDT,2964.97,103.684,2964.98,5,2964.99,0.673,2965,8.699,2965.01,6.187,2965.03,0.673,2965.04,16.267,2965.05,4,2965.06,20.761,2965.07,0.68,2964.96,1.536,2964.95,1.586,2964.92,0.056,2964.86,0.299,2964.85,1.118,2964.84,0.007,2964.82,0.225,2964.81,0.225,2964.8,0.007,2964.78,0.738
1715247491287,1715247491217908000,BINANCE,ETHUSDT,2964.96,38.118,2964.97,6.899,2964.99,0.673,2965,8.699,2965.01,4.199,2965.03,0.673,2965.05,5.429,2965.06,4.5,2965.07,0.936,2965.09,4.207,2964.95,5.594,2964.87,0.673,2964.86,0.299,2964.84,0.68,2964.83,0.673,2964.82,0.225,2964.81,0.225,2964.8,0.007,2964.79,2.022,2964.78,0.738
1715247491544,1715247491475402000,BINANCE,ETHUSDT,2965.34,55.51,2965.35,0.673,2965.37,0.267,2965.38,8.588,2965.39,1.853,2965.4,13.595,2965.41,0.416,2965.42,0.256,2965.43,0.673,2965.44,4.113,2965.33,2.61,2965.21,0.007,2965.17,2,2965.12,0.007,2965.08,1.682,2965.07,2,2965.06,0.32,2965.05,11.415,2965.04,3.747,2965.03,0.673
1715247491797,1715247491724051000,BINANCE,ETHUSDT,2965.08,55.376,2965.11,0.673,2965.13,4.4,2965.15,2.135,2965.16,0.673,2965.18,2.032,2965.19,0.673,2965.2,1.526,2965.21,0.007,2965.22,2,2965.07,4.017,2965,3.053,2964.95,7.556,2964.9,0.049,2964.87,0.673,2964.86,0.299,2964.85,0.334,2964.84,1.006,2964.83,0.998,2964.82,2.922
1715247492090,1715247492014104000,BINANCE,ETHUSDT,2964.96,51.851,2965,2.199,2965.03,0.673,2965.08,4.181,2965.1,0.263,2965.11,0.673,2965.13,4,2965.16,0.673,2965.17,2.699,2965.18,0.032,2964.95,7.584,2964.84,0.007,2964.81,2.176,2964.8,0.007,2964.79,0.673,2964.78,0.513,2964.77,0.506,2964.76,0.017,2964.75,4.111,2964.71,1.179
1715247492342,1715247492268917000,BINANCE,ETHUSDT,2964.96,19.097,2965,0.681,2965.03,0.673,2965.07,2.818,2965.08,4,2965.1,0.007,2965.11,0.673,2965.13,4,2965.16,0.673,2965.18,0.032,2964.95,21.447,2964.87,0.772,2964.84,0.68,2964.83,0.673,2964.81,9.064,2964.8,1.566,2964.79,0.673,2964.78,0.513,2964.77,1.551,2964.76,0.94
1715247492596,1715247492521912000,BINANCE,ETHUSDT,2964.96,18.784,2964.99,0.432,2965,0.681,2965.03,0.673,2965.07,1.272,2965.08,4,2965.1,0.007,2965.11,0.673,2965.13,4,2965.16,0.673,2964.95,12.662,2964.87,0.772,2964.84,0.68,2964.83,0.673,2964.82,0.035,2964.81,2.176,2964.8,1.566,2964.79,0.673,2964.78,0.513,2964.77,1.133
1715247492853,1715247492781622000,BINANCE,ETHUSDT,2964.96,19.249,2964.99,0.432,2965,0.681,2965.03,0.673,2965.07,1.272,2965.08,4,2965.1,0.007,2965.11,0.673,2965.13,4,2965.16,0.673,2964.95,19.374,2964.91,0.673,2964.87,0.772,2964.84,0.68,2964.83,0.673,2964.81,2.176,2964.8,1.533,2964.79,0.673,2964.78,0.513,2964.77,1.133
1715247493115,1715247493049273000,BINANCE,ETHUSDT,2964.96,14.979,2964.99,0.434,2965,0.681,2965.03,0.673,2965.07,1.272,2965.1,0.007,2965.11,0.673,2965.13,4,2965.16,0.673,2965.18,0.088,2964.95,25.706,2964.91,0.673,2964.87,0.772,2964.84,0.68,2964.83,0.673,2964.82,0.035,2964.81,8.895,2964.8,1.533,2964.79,0.673,2964.78,0.513
1715247493388,1715247493312953000,BINANCE,ETHUSDT,2964.96,14.609,2964.99,0.434,2965,0.681,2965.03,0.673,2965.04,0.906,2965.07,1.272,2965.1,0.007,2965.11,0.673,2965.13,4,2965.16,0.673,2964.95,25.262,2964.91,0.673,2964.87,0.772,2964.84,0.68,2964.83,0.673,2964.81,8.895,2964.8,1.533,2964.79,0.673,2964.78,0.513,2964.77,11.898
1715247493644,1715247493568414000,BINANCE,ETHUSDT,2964.96,18.204,2964.99,0.434,2965,0.681,2965.03,0.673,2965.04,0.906,2965.07,1.272,2965.1,0.007,2965.11,0.673,2965.13,4,2965.14,2.699,2964.95,12.099,2964.87,0.099,2964.84,0.007,2964.83,0.673,2964.81,2.176,2964.8,0.007,2964.79,0.673,2964.78,0.513,2964.77,0.805,2964.76,0.284
1715247493900,1715247493830792000,BINANCE,ETHUSDT,2964.96,18.216,2964.99,1.18,2965,2.207,2965.03,0.673,2965.04,0.906,2965.06,2.699,2965.07,1.272,2965.1,0.007,2965.11,0.673,2965.13,4,2964.95,6.879,2964.87,0.772,2964.84,0.007,2964.83,0.673,2964.81,2.176,2964.8,0.007,2964.79,0.673,2964.78,0.513,2964.77,0.805,2964.76,0.017
1715247494155,1715247494081001000,BINANCE,ETHUSDT,2964.96,18.185,2964.99,1.191,2965,2.207,2965.03,0.673,2965.04,0.906,2965.06,2.699,2965.07,1.272,2965.1,0.007,2965.11,0.673,2965.13,4,2964.95,2.831,2964.87,0.099,2964.84,0.007,2964.83,0.673,2964.81,2.176,2964.8,0.007,2964.79,0.673,2964.78,0.513,2964.77,0.805,2964.76,0.017
1715247494404,1715247494332823000,BINANCE,ETHUSDT,2964.96,18.192,2964.99,1.191,2965,2.207,2965.03,0.673,2965.04,0.906,2965.06,2.699,2965.07,1.272,2965.1,0.007,2965.11,0.673,2965.13,4,2964.95,1.274,2964.87,0.099,2964.84,0.007,2964.81,2.176,2964.8,0.007,2964.79,0.673,2964.78,0.513,2964.77,0.805,2964.76,0.017,2964.75,4.111
1715247494684,1715247494621476000,BINANCE,ETHUSDT,2964.79,32.889,2964.8,1.526,2964.81,4.136,2964.82,6,2964.84,0.673,2964.85,4,2964.87,0.673,2964.88,6,2964.89,2.699,2964.94,0.965,2964.78,0.532,2964.77,0.506,2964.73,0.224,2964.71,0.506,2964.7,0.017,2964.68,0.536,2964.67,0.007,2964.66,2.73,2964.65,2.796,2964.64,0.007
1715247494965,1715247494916461000,BINANCE,ETHUSDT,2964.53,50.818,2964.55,0.673,2964.59,2.699,2964.6,1.533,2964.61,4.263,2964.62,6.853,2964.63,0.673,2964.64,4,2964.67,6,2964.68,4.65,2964.52,0.3,2964.51,1.821,2964.5,0.506,2964.48,0.007,2964.47,0.6,2964.46,0.57,2964.45,0.11,2964.44,0.307,2964.43,0.007,2964.4,0.232
1715247495218,1715247495153160000,BINANCE,ETHUSDT,2964.53,56.368,2964.55,0.673,2964.59,2.699,2964.6,1.533,2964.61,4.256,2964.62,4.844,2964.63,0.673,2964.64,4,2964.66,0.1,2964.67,6.007,2964.52,2.184,2964.51,0.038,2964.5,0.506,2964.48,0.007,2964.47,0.6,2964.46,0.57,2964.45,0.11,2964.44,0.008,2964.43,0.007,2964.4,0.015
1715247495473,1715247495400475000,BINANCE,ETHUSDT,2964.48,69.79,2964.49,22.26,2964.51,2.028,2964.52,0.673,2964.53,9.542,2964.54,0.865,2964.55,0.673,2964.58,0.256,2964.59,2.699,2964.6,1.533,2964.47,0.66,2964.46,0.57,2964.45,0.11,2964.44,0.008,2964.4,0.015,2964.36,1.703,2964.35,0.846,2964.32,0.321,2964.31,0.008,2964.3,3.346
1715247495729,1715247495652309000,BINANCE,ETHUSDT,2964.36,67.112,2964.37,6,2964.39,0.673,2964.4,1.526,2964.46,25.687,2964.47,16.933,2964.48,4.056,2964.49,6,2964.51,2.028,2964.52,0.673,2964.35,4.896,2964.32,0.314,2964.31,0.058,2964.28,0.015,2964.27,0.014,2964.24,0.522,2964.23,0.89,2964.22,0.007,2964.21,4.388,2964.2,0.688
1715247496000,1715247495924417000,BINANCE,ETHUSDT,2964.36,67.852,2964.37,3.5,2964.39,0.673,2964.4,1.526,2964.47,0.673,2964.48,1.993,2964.49,6,2964.51,2,2964.52,0.673,2964.53,4,2964.35,4.941,2964.32,0.314,2964.31,0.058,2964.28,0.015,2964.27,0.014,2964.24,0.522,2964.23,0.89,2964.22,0.007,2964.21,4.388,2964.2,0.015
1715247496251,1715247496178811000,BINANCE,ETHUSDT,2964.26,53.358,2964.31,0.673,2964.32,4,2964.33,6.699,2964.35,4.698,2964.36,5.907,2964.37,3.5,2964.39,0.673,2964.4,1.526,2964.41,2.699,2964.25,17.961,2964.24,0.522,2964.23,0.89,2964.21,0.701,2964.2,0.688,2964.19,0.68,2964.16,0.072,2964.15,0.921,2964.14,0.41,2964.12,2.344
1715247496513,1715247496441761000,BINANCE,ETHUSDT,2964.26,52.591,2964.31,0.673,2964.32,4,2964.33,6.699,2964.35,4.698,2964.36,2.673,2964.37,3.5,2964.39,0.673,2964.4,1.526,2964.41,2.699,2964.25,18.761,2964.24,0.53,2964.23,0.89,2964.21,0.701,2964.2,0.688,2964.19,0.673,2964.16,0.072,2964.15,0.921,2964.14,0.41,2964.12,0.321
1715247496794,1715247496720716000,BINANCE,ETHUSDT,2964.26,52.563,2964.31,0.673,2964.32,4,2964.33,6.699,2964.34,1.031,2964.35,4.698,2964.36,2.673,2964.37,3.5,2964.39,0.673,2964.4,1.526,2964.25,11.041,2964.24,0.53,2964.23,0.89,2964.21,0.701,2964.2,0.688,2964.19,0.673,2964.16,0.072,2964.15,0.921,2964.14,0.04,2964.12,0.321
1715247497135,1715247497060595000,BINANCE,ETHUSDT,2964.26,52.808,2964.31,0.673,2964.32,4,2964.33,6.699,2964.34,1.031,2964.35,4.698,2964.36,2.673,2964.37,3.5,2964.39,0.673,2964.4,1.526,2964.25,8.992,2964.24,0.53,2964.23,0.217,2964.21,0.701,2964.2,0.015,2964.19,0.673,2964.16,0.072,2964.15,0.921,2964.14,0.04,2964.12,0.321
1715247497401,1715247497326964000,BINANCE,ETHUSDT,2964.26,52.792,2964.31,0.673,2964.32,4,2964.33,6.699,2964.34,1.031,2964.35,4.698,2964.36,2.673,2964.37,3.5,2964.39,0.673,2964.4,1.526,2964.25,2.42,2964.24,0.53,2964.2,0.015,2964.16,0.072,2964.15,0.248,2964.14,0.04,2964.12,0.321,2964.11,0.673,2964.08,0.022,2964.07,0.68
1715247497663,1715247497595450000,BINANCE,ETHUSDT,2964.26,49.095,2964.31,0.673,2964.32,4,2964.33,6.699,2964.34,1.031,2964.35,4.698,2964.36,2.673,2964.37,3.5,2964.39,0.673,2964.4,1.526,2964.25,7.923,2964.24,0.53,2964.23,0.673,2964.21,0.686,2964.2,0.688,2964.19,0.673,2964.16,0.072,2964.15,0.921,2964.14,0.04,2964.12,0.321
1715247497963,1715247497890445000,BINANCE,ETHUSDT,2964.26,49.035,2964.31,0.673,2964.32,4,2964.33,6.699,2964.34,1.031,2964.35,4.698,2964.36,2.673,2964.37,3.5,2964.39,0.673,2964.4,1.526,2964.25,1.161,2964.24,0.53,2964.2,0.015,2964.16,0.072,2964.15,0.248,2964.14,0.04,2964.12,0.321,2964.08,0.022,2964.07,0.68,2964.06,2.028
1715247498260,1715247498186905000,BINANCE,ETHUSDT,2964.26,49.832,2964.31,0.673,2964.32,4,2964.33,6.699,2964.34,1.031,2964.35,4.698,2964.36,2.673,2964.37,3.5,2964.39,0.673,2964.4,1.782,2964.25,1.122,2964.24,0.023,2964.2,0.015,2964.16,0.772,2964.15,0.248,2964.14,0.04,2964.12,0.321,2964.08,0.022,2964.07,0.007,2964.06,2.028
1715247498518,1715247498446853000,BINANCE,ETHUSDT,2964.04,71.916,2964.05,6,2964.07,2.673,2964.08,6.7,2964.09,2,2964.12,0.256,2964.13,5.599,2964.14,0.347,2964.15,0.673,2964.16,2.699,2964.03,6.515,2964,0.015,2963.99,0.007,2963.98,0.409,2963.97,0.008,2963.96,0.015,2963.95,0.673,2963.94,0.306,2963.92,1.863,2963.91,0.68
1715247498782,1715247498717755000,BINANCE,ETHUSDT,2964.04,16.428,2964.19,0.007,2964.2,0.68,2964.22,1.368,2964.23,0.673,2964.26,2.434,2964.31,0.683,2964.32,0.156,2964.33,2.706,2964.34,1.031,2964.03,52.772,2964,0.015,2963.99,0.68,2963.98,0.409,2963.97,0.008,2963.96,0.015,2963.95,0.673,2963.94,0.306,2963.92,2.226,2963.91,0.843
1715247499047,1715247498974826000,BINANCE,ETHUSDT,2964.04,14.358,2964.17,0.007,2964.19,0.007,2964.2,0.68,2964.22,1.368,2964.23,0.673,2964.26,2.434,2964.31,0.69,2964.32,0.156,2964.33,0.007,2964.03,52.736,2964,0.015,2963.99,0.68,2963.98,0.409,2963.97,0.008,2963.96,0.015,2963.95,0.673,2963.94,0.306,2963.92,2.626,2963.91,0.843
1715247499320,1715247499259837000,BINANCE,ETHUSDT,2964.3,0.008,2964.32,0.149,2964.34,1.031,2964.41,0.017,2964.42,0.007,2964.45,1.529,2964.47,5.183,2964.48,0.007,2964.49,2.7,2964.5,0.007,2964.29,51.493,2964.27,0.673,2964.25,4,2964.23,0.673,2964.2,2.199,2964.19,0.673,2964.18,0.266,2964.17,0.393,2964.16,2,2964.15,2.673
1715247499571,1715247499503957000,BINANCE,ETHUSDT,2964.3,20.294,2964.31,0.673,2964.32,0.149,2964.34,1.031,2964.35,1.774,2964.36,0.673,2964.39,0.673,2964.4,4.225,2964.41,0.017,2964.42,0.007,2964.29,4.014,2964.28,2,2964.25,4,2964.17,0.207,2964.16,2.775,2964.15,2,2964.13,0.207,2964.1,0.257,2964.06,1.788,2964.04,2.698
1715247499844,1715247499774605000,BINANCE,ETHUSDT,2964.04,63.243,2964.05,3.5,2964.07,0.673,2964.14,0.01,2964.17,4,2964.18,2,2964.2,2.199,2964.25,2.878,2964.26,2.699,2964.29,0.37,2964.03,7.827,2964,0.195,2963.99,0.68,2963.98,0.409,2963.97,0.008,2963.96,0.015,2963.95,0.673,2963.94,0.306,2963.92,1.863,2963.91,2.423
1715247500098,1715247500030933000,BINANCE,ETHUSDT,2963.86,23.006,2963.87,19.482,2963.88,18.246,2963.89,57.425,2963.91,0.673,2963.92,2.989,2963.93,8.014,2963.95,2.089,2963.97,6.7,2963.99,2.68,2963.85,1.521,2963.84,1.036,2963.83,0.007,2963.82,1.223,2963.81,0.507,2963.8,0.041,2963.79,0.008,2963.77,1.047,2963.76,1.807,2963.75,0.026
1715247500350,1715247500287725000,BINANCE,ETHUSDT,2963.86,41.372,2963.87,6,2963.88,0.673,2963.89,6,2963.91,0.673,2963.92,2.982,2963.93,4.014,2963.95,2.089,2963.97,4.7,2963.99,2.68,2963.85,3.549,2963.84,1.029,2963.82,1.191,2963.81,0.507,2963.8,0.041,2963.79,0.681,2963.77,1.014,2963.76,1.807,2963.75,0.699,2963.73,0.007
1715247500608,1715247500547268000,BINANCE,ETHUSDT,2963.86,16.174,2963.87,4,2963.88,0.673,2963.89,4,2963.91,0.673,2963.93,4,2963.94,1.554,2963.95,2.089,2963.97,2,2963.99,2.68,2963.85,20.294,2963.84,1.029,2963.83,0.673,2963.82,1.191,2963.81,0.507,2963.8,1.567,2963.79,0.681,2963.77,1.177,2963.76,3.023,2963.75,0.699
1715247500864,1715247500790880000,BINANCE,ETHUSDT,2964.2,47.497,2964.22,4.018,2964.23,2,2964.26,2.699,2964.28,4,2964.34,0.867,2964.35,10.014,2964.36,0.695,2964.38,0.132,2964.39,0.673,2964.19,9.469,2964.11,0.673,2964.08,0.608,2964.07,0.673,2964.04,0.723,2964.03,0.673,2964.02,0.01,2964,0.007,2963.99,0.68,2963.95,0.673
1715247501112,1715247501043578000,BINANCE,ETHUSDT,2964.2,50.26,2964.22,1.964,2964.23,2.673,2964.26,2.699,2964.28,1.5,2964.34,0.867,2964.35,10.037,2964.36,0.695,2964.38,0.132,2964.39,0.673,2964.19,9.547,2964.15,0.673,2964.11,0.673,2964.08,0.608,2964.07,0.673,2964.04,0.723,2964.03,0.673,2964.02,0.01,2964,0.007,2963.99,0.68
1715247501382,1715247501313106000,BINANCE,ETHUSDT,2964.2,49.148,2964.22,1.964,2964.23,2.673,2964.25,1.031,2964.26,2.699,2964.34,0.867,2964.35,7.537,2964.36,0.695,2964.38,0.132,2964.39,0.673,2964.19,11.245,2964.15,0.673,2964.11,0.673,2964.07,0.673,2964.05,0.866,2964.04,0.723,2964.03,0.673,2964.02,0.045,2964,1.533,2963.99,0.68
1715247501651,1715247501577940000,BINANCE,ETHUSDT,2964.2,49.373,2964.22,2.034,2964.23,2.673,2964.25,1.031,2964.26,2.699,2964.34,0.867,2964.35,7.523,2964.36,0.695,2964.38,0.132,2964.39,1.04,2964.19,6.442,2964.15,0.673,2964.11,0.673,2964.07,0.673,2964.05,0.866,2964.04,0.723,2964.03,0.673,2964.02,0.01,2964,1.533,2963.99,0.68
1715247501919,1715247501848091000,BINANCE,ETHUSDT,2964.2,48.061,2964.22,2.034,2964.23,2.673,2964.25,1.031,2964.26,2.749,2964.31,0.673,2964.34,0.867,2964.35,7.523,2964.36,0.695,2964.38,0.132,2964.19,7.141,2964.15,0.673,2964.11,0.673,2964.07,0.673,2964.05,0.866,2964.04,0.723,2964.03,0.673,2964.02,0.01,2964,1.533,2963.99,0.68
1715247502194,1715247502123362000,BINANCE,ETHUSDT,2964.2,15.112,2964.23,0.673,2964.25,1.031,2964.26,0.05,2964.31,0.673,2964.34,2.413,2964.35,6.023,2964.36,0.688,2964.39,1.04,2964.4,0.015,2964.19,26.986,2964.15,0.673,2964.11,0.673,2964.07,0.673,2964.05,7.196,2964.04,0.976,2964.03,0.673,2964.02,10.289,2964.01,11.314,2964,1.789
1715247502444,1715247502378830000,BINANCE,ETHUSDT,2964.2,18.971,2964.25,1.031,2964.26,0.05,2964.31,0.673,2964.34,2.413,2964.35,6.023,2964.36,0.688,2964.39,1.04,2964.4,1.541,2964.41,0.017,2964.19,21.487,2964.15,0.673,2964.11,0.673,2964.07,0.673,2964.06,0.035,2964.05,7.196,2964.04,0.976,2964.03,0.673,2964.02,10.289,2964.01,11.314
1715247502729,1715247502654340000,BINANCE,ETHUSDT,2964.2,3.405,2964.25,2.203,2964.34,2.413,2964.35,4.023,2964.36,0.015,2964.4,0.015,2964.41,0.017,2964.42,0.007,2964.44,0.015,2964.45,0.01,2964.19,28.618,2964.15,0.673,2964.12,0.256,2964.11,0.673,2964.09,0.1,2964.08,0.207,2964.07,0.673,2964.06,0.035,2964.05,7.196,2964.04,1.976
1715247502980,1715247502909967000,BINANCE,ETHUSDT,2964.2,2.422,2964.25,2.203,2964.34,2.413,2964.35,4.023,2964.36,0.738,2964.39,0.673,2964.4,0.015,2964.41,0.017,2964.42,0.007,2964.44,0.015,2964.19,26.312,2964.15,0.673,2964.14,1.649,2964.12,0.256,2964.11,0.673,2964.09,0.1,2964.08,0.207,2964.07,0.673,2964.05,2.121,2964.04,2.042
1715247503240,1715247503173264000,BINANCE,ETHUSDT,2964.2,2.954,2964.25,2.203,2964.34,2.413,2964.35,4.023,2964.36,0.688,2964.39,0.673,2964.4,0.015,2964.41,0.017,2964.42,0.007,2964.44,0.015,2964.19,28.336,2964.15,0.673,2964.14,1.649,2964.12,0.256,2964.11,0.673,2964.08,0.207,2964.07,0.673,2964.05,2.121,2964.04,2.042,2964.03,1.189
1715247503507,1715247503435993000,BINANCE,ETHUSDT,2964.51,13.999,2964.52,0.022,2964.55,2.825,2964.56,0.015,2964.6,0.029,2964.62,0.011,2964.64,0.129,2964.67,0.007,2964.68,0.688,2964.69,5.872,2964.5,31.983,2964.44,3.618,2964.43,0.673,2964.41,2,2964.4,3.526,2964.35,18.269,2964.34,0.007,2964.32,0.017,2964.27,0.776,2964.26,1.806
1715247503759,1715247503690582000,BINANCE,ETHUSDT,2964.51,38.142,2964.52,0.695,2964.54,0.713,2964.55,0.673,2964.56,0.015,2964.6,1.555,2964.62,0.011,2964.64,0.129,2964.67,0.007,2964.68,1.535,2964.5,18.259,2964.44,1.739,2964.4,2,2964.35,4.673,2964.34,0.007,2964.32,0.017,2964.31,0.673,2964.27,0.673,2964.26,1.806,2964.25,0.201
1715247504011,1715247503944154000,BINANCE,ETHUSDT,2964.28,33.208,2964.31,0.673,2964.35,4.664,2964.36,8.31,2964.39,0.673,2964.4,1.526,2964.41,6,2964.45,4.01,2964.47,0.673,2964.5,0.374,2964.27,4.026,2964.26,1.806,2964.25,0.201,2964.24,6.492,2964.23,4,2964.22,0.207,2964.21,0.674,2964.2,2,2964.19,5.074,2964.18,0.007
1715247504271,1715247504207210000,BINANCE,ETHUSDT,2964.28,51.45,2964.31,0.673,2964.36,8.31,2964.39,0.673,2964.4,1.526,2964.41,6.097,2964.45,4.01,2964.47,0.673,2964.5,0.374,2964.51,8.713,2964.27,4.055,2964.26,1.799,2964.25,0.201,2964.24,6.492,2964.23,4.673,2964.22,0.207,2964.21,0.674,2964.2,2.673,2964.19,5.074,2964.18,0.007
1715247504536,1715247504463117000,BINANCE,ETHUSDT,2964.28,51.76,2964.31,0.673,2964.36,8.173,2964.39,0.673,2964.4,1.526,2964.41,8.796,2964.42,0.05,2964.45,4.01,2964.47,1.012,2964.48,0.366,2964.27,0.386,2964.26,1.799,2964.25,0.201,2964.24,3.087,2964.23,4,2964.22,0.207,2964.21,0.674,2964.19,2.401,2964.18,0.007,2964.16,0.007
1715247504800,1715247504726003000,BINANCE,ETHUSDT,2964.15,31.363,2964.17,6,2964.2,9.372,2964.23,0.673,2964.28,9.113,2964.31,0.683,2964.32,0.007,2964.34,0.249,2964.35,5.024,2964.36,8.173,2964.14,5.747,2964.11,0.673,2964.1,0.007,2964.08,0.207,2964.07,0.673,2964.05,0.099,2964.04,2.13,2964.03,0.673,2964.02,0.007,2964.01,1.728
1715247505056,1715247504983640000,BINANCE,ETHUSDT,2964.15,0.284,2964.28,0.414,2964.31,0.683,2964.32,0.007,2964.34,1.484,2964.36,2.673,2964.39,0.673,2964.41,2.097,2964.42,0.05,2964.45,0.01,2964.14,27.89,2964.11,0.673,2964.08,0.207,2964.07,0.673,2964.05,2.152,2964.04,2.13,2964.03,0.673,2964.02,0.007,2964.01,1.728,2964,2.033
1715247505343,1715247505271468000,BINANCE,ETHUSDT,2964.15,1.249,2964.28,0.414,2964.31,0.01,2964.32,0.007,2964.34,1.484,2964.36,2.673,2964.39,0.673,2964.41,2.097,2964.42,0.05,2964.45,0.01,2964.14,31.525,2964.11,0.673,2964.08,0.207,2964.07,0.673,2964.05,2.842,2964.04,2.13,2964.03,3.372,2964.02,0.007,2964.01,1.728,2964,2.033
1715247505670,1715247505597267000,BINANCE,ETHUSDT,2964.15,1.108,2964.28,0.414,2964.31,0.683,2964.32,0.007,2964.36,2.673,2964.39,3.242,2964.4,1.526,2964.41,2.097,2964.42,0.05,2964.44,0.007,2964.14,31.595,2964.11,0.673,2964.08,0.207,2964.07,0.673,2964.05,2.842,2964.04,2.13,2964.03,3.372,2964.02,0.007,2964.01,1.728,2964,2.068
1715247506181,1715247506106274000,BINANCE,ETHUSDT,2964.28,16.48,2964.31,0.673,2964.32,0.007,2964.35,2.213,2964.36,2.673,2964.39,0.673,2964.41,2.097,2964.42,0.05,2964.45,0.01,2964.47,0.673,2964.27,72.2,2964.24,4,2964.23,0.673,2964.21,1.139,2964.2,0.673,2964.19,0.673,2964.17,0.207,2964.15,3.959,2964.14,11.281,2964.12,0.009
1715247506452,1715247506377530000,BINANCE,ETHUSDT,2964.28,16.639,2964.32,0.007,2964.35,2.213,2964.36,2.673,2964.39,0.673,2964.41,2.097,2964.42,0.05,2964.45,0.01,2964.47,0.673,2964.48,0.373,2964.27,98.841,2964.24,4,2964.23,0.673,2964.2,0.673,2964.19,0.673,2964.17,0.207,2964.15,3.959,2964.14,6.306,2964.12,0.009,2964.11,0.673
1715247506730,1715247506659645000,BINANCE,ETHUSDT,2964.48,15.178,2964.52,0.015,2964.53,0.007,2964.56,0.015,2964.6,0.029,2964.62,0.011,2964.63,1.473,2964.64,0.129,2964.68,1.786,2964.69,3.141,2964.47,101.263,2964.44,3.872,2964.43,0.673,2964.4,5.526,2964.39,2.177,2964.36,0.673,2964.35,0.673,2964.31,3.169,2964.3,0.007,2964.28,0.965
1715247506985,1715247506909312000,BINANCE,ETHUSDT,2964.48,17.47,2964.51,0.448,2964.52,0.688,2964.53,0.007,2964.55,0.673,2964.56,0.015,2964.6,0.029,2964.62,0.011,2964.63,1.473,2964.64,0.129,2964.47,66.104,2964.44,3.872,2964.43,0.673,2964.4,4,2964.39,2.177,2964.36,0.673,2964.35,0.673,2964.32,0.007,2964.31,3.169,2964.3,0.007
1715247507250,1715247507175710000,BINANCE,ETHUSDT,2964.48,13.224,2964.51,0.448,2964.52,0.688,2964.53,0.007,2964.55,0.673,2964.56,0.015,2964.6,0.029,2964.62,0.011,2964.63,1.273,2964.64,0.122,2964.47,63.566,2964.44,3.872,2964.43,0.673,2964.4,4,2964.39,2.177,2964.36,0.673,2964.35,0.673,2964.32,0.007,2964.31,3.169,2964.3,0.007
1715247507521,1715247507446783000,BINANCE,ETHUSDT,2964.48,16.208,2964.52,0.688,2964.53,0.007,2964.54,0.714,2964.55,0.673,2964.56,0.015,2964.6,1.555,2964.62,0.011,2964.63,1.273,2964.64,0.022,2964.47,61.573,2964.44,3.872,2964.43,0.673,2964.4,4,2964.39,2.177,2964.36,0.673,2964.35,0.673,2964.32,0.007,2964.31,3.169,2964.3,0.007
1715247507791,1715247507719059000,BINANCE,ETHUSDT,2964.48,22.286,2964.51,0.171,2964.52,0.688,2964.53,0.007,2964.54,1.014,2964.55,0.673,2964.56,0.015,2964.57,0.05,2964.59,2.699,2964.6,1.555,2964.47,4.146,2964.36,0.97,2964.35,0.673,2964.32,0.007,2964.31,2.673,2964.3,0.007,2964.29,1.342,2964.28,0.965,2964.27,2.673,2964.24,4.356
1715247508052,1715247507978189000,BINANCE,ETHUSDT,2964.48,28.012,2964.51,0.171,2964.52,0.688,2964.53,0.007,2964.54,1.844,2964.55,0.673,2964.56,0.015,2964.57,0.05,2964.59,2.699,2964.6,1.555,2964.47,4.28,2964.36,0.97,2964.32,0.007,2964.3,0.007,2964.24,2.207,2964.23,0.673,2964.21,1.173,2964.2,0.723,2964.19,0.673,2964.18,3.304
1715247508308,1715247508233907000,BINANCE,ETHUSDT,2964.48,24.76,2964.5,2.699,2964.51,0.171,2964.52,0.688,2964.53,0.007,2964.54,1.592,2964.55,0.673,2964.56,0.015,2964.57,0.05,2964.59,2.699,2964.47,0.668,2964.32,0.007,2964.3,0.007,2964.24,2.207,2964.21,1.772,2964.2,0.05,2964.19,0.673,2964.18,3.304,2964.17,0.217,2964.16,0.007
1715247508558,1715247508486950000,BINANCE,ETHUSDT,2964.22,70.779,2964.23,0.673,2964.25,11.677,2964.31,25.903,2964.33,13.213,2964.36,2.673,2964.39,0.723,2964.4,1.526,2964.41,3.065,2964.45,12.912,2964.21,0.207,2964.2,0.05,2964.17,0.207,2964.16,0.007,2964.14,0.309,2964.13,0.032,2964.11,0.149,2964.1,0.018,2964.09,0.321,2964.08,0.535
1715247508811,1715247508738181000,BINANCE,ETHUSDT,2964.22,77.172,2964.23,0.673,2964.25,8,2964.29,0.007,2964.31,6.673,2964.33,10.699,2964.36,2.673,2964.39,0.723,2964.4,1.526,2964.41,3.065,2964.21,0.325,2964.2,0.05,2964.17,0.207,2964.16,0.007,2964.14,0.366,2964.13,0.032,2964.11,0.149,2964.1,0.018,2964.09,0.321,2964.08,0.328
1715247509085,1715247509009455000,BINANCE,ETHUSDT,2964.22,77.278,2964.23,0.673,2964.25,8.171,2964.29,0.007,2964.31,6.673,2964.33,10.699,2964.36,2.673,2964.39,0.723,2964.4,1.865,2964.41,3.065,2964.21,0.456,2964.2,0.05,2964.17,0.207,2964.16,0.007,2964.14,0.366,2964.13,0.032,2964.11,0.149,2964.1,0.018,2964.09,0.321,2964.08,0.328
1715247509336,1715247509268317000,BINANCE,ETHUSDT,2964.18,67.845,2964.2,2.044,2964.22,7.764,2964.23,0.673,2964.25,10.87,2964.29,0.007,2964.31,6.773,2964.33,8.699,2964.35,0.977,2964.36,2.673,2964.17,0.932,2964.14,0.366,2964.13,0.032,2964.11,0.149,2964.06,1.047,2964.05,1.014,2964.04,2.214,2964.02,0.007,2964.01,1.014,2964,2.03
1715247509594,1715247509520709000,BINANCE,ETHUSDT,2963.91,1.148,2963.99,0.007,2964,2,2964.03,3.062,2964.04,6.951,2964.06,2,2964.07,0.007,2964.11,0.673,2964.15,3.379,2964.16,0.017,2963.9,43.459,2963.89,0.675,2963.88,1.061,2963.87,0.673,2963.85,0.787,2963.84,0.015,2963.83,0.673,2963.82,1.372,2963.8,0.041,2963.79,0.681
1715247509850,1715247509777458000,BINANCE,ETHUSDT,2963.91,1.812,2963.94,0.171,2963.99,0.007,2964.04,6.951,2964.06,2,2964.07,0.007,2964.14,1.079,2964.15,3.379,2964.16,0.017,2964.18,6,2963.9,45.544,2963.89,0.675,2963.88,1.061,2963.87,0.673,2963.85,0.787,2963.84,0.015,2963.83,0.673,2963.82,1.628,2963.8,1.567,2963.79,0.681
1715247510103,1715247510036215000,BINANCE,ETHUSDT,2963.89,6.574,2963.91,1.008,2963.94,0.171,2963.99,0.007,2964.02,3.271,2964.04,6.951,2964.06,2,2964.07,0.007,2964.11,1.04,2964.15,3.379,2963.88,45.189,2963.87,0.673,2963.85,0.787,2963.84,0.015,2963.83,0.673,2963.82,1.465,2963.8,1.548,2963.79,0.681,2963.78,0.163,2963.77,1.049
1715247510364,1715247510292445000,BINANCE,ETHUSDT,2963.89,1.747,2963.91,0.093,2963.94,0.171,2963.99,0.007,2964.02,3.271,2964.04,6.951,2964.06,2,2964.07,0.007,2964.11,0.367,2964.15,0.007,2963.88,47.901,2963.87,0.673,2963.85,0.787,2963.84,0.015,2963.83,0.836,2963.82,1.465,2963.8,1.548,2963.79,0.681,2963.78,0.163,2963.77,1.014
1715247510642,1715247510573942000,BINANCE,ETHUSDT,2963.89,2.061,2963.91,0.093,2963.94,0.171,2963.99,0.007,2964.03,1.523,2964.04,6.951,2964.07,0.007,2964.11,0.367,2964.15,2.441,2964.16,0.017,2963.88,48.523,2963.87,0.673,2963.85,0.787,2963.84,0.015,2963.83,0.836,2963.82,1.465,2963.8,1.548,2963.79,0.681,2963.78,0.163,2963.77,1.049
1715247510900,1715247510832692000,BINANCE,ETHUSDT,2964.18,1.712,2964.19,0.05,2964.21,3.955,2964.22,0.038,2964.27,0.007,2964.28,0.049,2964.29,0.007,2964.35,0.007,2964.38,0.367,2964.39,3.582,2964.17,24.673,2964.16,2.804,2964.15,0.673,2964.14,8.417,2964.11,0.673,2964.04,0.673,2964,3.533,2963.99,0.007,2963.97,11.516,2963.96,2.023
1715247511158,1715247511087237000,BINANCE,ETHUSDT,2964.48,10.433,2964.49,0.1,2964.5,0.994,2964.52,0.688,2964.53,0.007,2964.55,0.673,2964.56,0.015,2964.59,0.673,2964.6,0.029,2964.61,0.007,2964.47,51.72,2964.43,0.673,2964.39,0.673,2964.36,2.673,2964.35,0.673,2964.32,0.017,2964.31,0.007,2964.23,0.68,2964.22,0.099,2964.21,4.572
1715247511412,1715247511343718000,BINANCE,ETHUSDT,2964.48,19.897,2964.5,0.659,2964.51,0.673,2964.52,0.688,2964.53,0.007,2964.55,0.673,2964.56,0.015,2964.59,0.673,2964.6,0.029,2964.61,0.007,2964.47,41.465,2964.43,0.673,2964.4,0.903,2964.39,0.673,2964.38,0.01,2964.36,2.673,2964.35,0.673,2964.32,0.017,2964.31,0.007,2964.23,0.68
1715247511671,1715247511599367000,BINANCE,ETHUSDT,2964.48,6.179,2964.52,0.015,2964.53,0.007,2964.54,0.445,2964.56,0.015,2964.6,0.029,2964.61,0.007,2964.62,0.011,2964.63,0.673,2964.64,0.022,2964.47,45.184,2964.43,0.673,2964.4,0.903,2964.39,0.88,2964.36,2.88,2964.35,0.673,2964.32,0.017,2964.31,0.007,2964.25,0.329,2964.24,0.323
1715247511933,1715247511866195000,BINANCE,ETHUSDT,2964.82,9.933,2964.84,0.029,2964.85,0.007,2964.88,0.015,2964.9,0.435,2964.92,0.015,2964.96,0.022,2964.98,0.007,2964.99,2.492,2965,1.696,2964.81,84.319,2964.8,1.526,2964.79,0.673,2964.77,2.011,2964.76,0.015,2964.75,2.673,2964.72,0.045,2964.71,2.673,2964.7,2,2964.69,0.057
1715247512190,1715247512117736000,BINANCE,ETHUSDT,2964.82,10.059,2964.84,0.029,2964.88,0.015,2964.9,0.435,2964.92,0.015,2964.96,0.022,2964.98,3.779,2964.99,0.061,2965,1.696,2965.01,10.551,2964.81,84.32,2964.8,1.526,2964.79,0.673,2964.77,2.011,2964.76,0.015,2964.75,2.673,2964.72,0.045,2964.71,2.673,2964.7,7,2964.69,0.057
1715247512492,1715247512418258000,BINANCE,ETHUSDT,2964.82,23.968,2964.84,0.029,2964.88,0.015,2964.9,0.435,2964.92,0.015,2964.96,0.022,2964.98,5.788,2964.99,0.061,2965,1.696,2965.01,0.015,2964.81,82.298,2964.8,2.199,2964.79,0.876,2964.77,2,2964.76,0.015,2964.75,2.673,2964.72,0.045,2964.71,2.673,2964.7,2,2964.69,5.057
1715247512754,1715247512685878000,BINANCE,ETHUSDT,2964.82,18.703,2964.84,0.029,2964.88,0.015,2964.9,0.435,2964.92,0.015,2964.96,0.022,2964.98,3.779,2964.99,0.061,2965,1.696,2965.01,0.015,2964.81,83.955,2964.8,2.199,2964.79,0.203,2964.77,2,2964.76,0.015,2964.75,2,2964.72,0.718,2964.71,2.673,2964.69,0.057,2964.68,4.688
1715247513012,1715247512938373000,BINANCE,ETHUSDT,2964.82,20.016,2964.84,0.029,2964.88,0.015,2964.9,0.435,2964.92,0.015,2964.96,0.022,2964.98,3.779,2964.99,0.061,2965,1.696,2965.01,0.015,2964.81,86.068,2964.8,2.199,2964.79,0.203,2964.77,2,2964.76,0.015,2964.75,2,2964.72,0.718,2964.71,2,2964.69,5.057,2964.68,4.688
1715247513265,1715247513191731000,BINANCE,ETHUSDT,2964.82,20.025,2964.84,1.375,2964.88,0.015,2964.9,0.435,2964.92,0.688,2964.96,0.695,2964.98,3.779,2964.99,0.061,2965,3.222,2965.01,0.015,2964.81,77.21,2964.8,0.673,2964.79,0.203,2964.77,2,2964.76,0.015,2964.75,2,2964.72,0.718,2964.71,2,2964.69,0.057,2964.68,9.688
