timestamp,local_timestamp,exchange,symbol,side,price,qty
1715247432875,1715247432900124000,BINANCE,SOLUSDT,BUY,141.899,12
1715247432975,1715247432900189000,BINANCE,SOLUSDT,BUY,141.906,14
1715247432975,1715247432935842000,BINANCE,SOLUSDT,BUY,141.91,41
1715247432996,1715247432935919000,BINANCE,SOLUSDT,SELL,141.913,4
1715247432996,1715247433078006000,BINANCE,SOLUSDT,SELL,141.912,1
1715247433026,1715247433078036000,BINANCE,SOLUSDT,SELL,141.914,82
1715247433026,1715247433078058000,BINANCE,SOLUSDT,SELL,141.912,45
1715247433026,1715247433078078000,BINANCE,SOLUSDT,SELL,141.911,27
1715247433026,1715247433078099000,BINANCE,SOLUSDT,SELL,141.91,38
1715247433026,1715247433078121000,BINANCE,SOLUSDT,SELL,141.909,18
1715247433026,1715247433078142000,BINANCE,SOLUSDT,SELL,141.906,32
1715247433026,1715247433078163000,BINANCE,SOLUSDT,SELL,141.905,8
1715247433026,1715247433078184000,BINANCE,SOLUSDT,SELL,141.904,4
1715247433026,1715247433078205000,BINANCE,SOLUSDT,SELL,141.902,23
1715247433026,1715247433078226000,BINANCE,SOLUSDT,SELL,141.901,44
1715247433026,1715247433078278000,BINANCE,SOLUSDT,SELL,141.9,62
1715247433026,1715247433078302000,BINANCE,SOLUSDT,SELL,141.898,33
1715247433026,1715247433078325000,BINANCE,SOLUSDT,SELL,141.896,19
1715247433026,1715247433078346000,BINANCE,SOLUSDT,SELL,141.895,3
1715247433026,1715247433078367000,BINANCE,SOLUSDT,SELL,141.894,3
1715247433026,1715247433078388000,BINANCE,SOLUSDT,SELL,141.893,82
1715247433026,1715247433078409000,BINANCE,SOLUSDT,BUY,141.915,2
1715247433026,1715247433078429000,BINANCE,SOLUSDT,BUY,141.917,12
1715247433026,1715247433078452000,BINANCE,SOLUSDT,SELL,141.893,144
1715247433026,1715247433078473000,BINANCE,SOLUSDT,SELL,141.892,88
1715247433026,1715247433078495000,BINANCE,SOLUSDT,BUY,141.917,5
1715247433026,1715247433078516000,BINANCE,SOLUSDT,SELL,141.892,6
1715247433026,1715247433078537000,BINANCE,SOLUSDT,BUY,141.917,11
1715247433026,1715247433078559000,BINANCE,SOLUSDT,BUY,141.918,3
1715247433026,1715247433078580000,BINANCE,SOLUSDT,BUY,141.919,3
1715247433026,1715247433078601000,BINANCE,SOLUSDT,BUY,141.923,10
1715247433026,1715247433078623000,BINANCE,SOLUSDT,BUY,141.924,13
1715247433026,1715247433078689000,BINANCE,SOLUSDT,BUY,141.925,6
1715247433026,1715247433078750000,BINANCE,SOLUSDT,BUY,141.928,35
1715247433026,1715247433078772000,BINANCE,SOLUSDT,BUY,141.929,16
1715247433026,1715247433078792000,BINANCE,SOLUSDT,BUY,141.93,121
1715247433026,1715247433079002000,BINANCE,SOLUSDT,BUY,141.932,3
1715247433026,1715247433079023000,BINANCE,SOLUSDT,BUY,141.933,19
1715247433026,1715247433079041000,BINANCE,SOLUSDT,BUY,141.934,10
1715247433026,1715247433079060000,BINANCE,SOLUSDT,BUY,141.935,18
1715247433026,1715247433079079000,BINANCE,SOLUSDT,BUY,141.936,4
1715247433026,1715247433079098000,BINANCE,SOLUSDT,BUY,141.937,34
1715247433026,1715247433079116000,BINANCE,SOLUSDT,BUY,141.939,19
1715247433026,1715247433079175000,BINANCE,SOLUSDT,BUY,141.941,6
1715247433026,1715247433079196000,BINANCE,SOLUSDT,SELL,141.892,56
1715247433026,1715247433079214000,BINANCE,SOLUSDT,BUY,141.941,7
1715247433026,1715247433079232000,BINANCE,SOLUSDT,BUY,141.942,8
1715247433026,1715247433079251000,BINANCE,SOLUSDT,BUY,141.943,19
1715247433026,1715247433079270000,BINANCE,SOLUSDT,BUY,141.944,25
1715247433026,1715247433079288000,BINANCE,SOLUSDT,BUY,141.945,15
1715247433026,1715247433079307000,BINANCE,SOLUSDT,BUY,141.946,4
1715247433026,1715247433079326000,BINANCE,SOLUSDT,BUY,141.947,43
1715247433026,1715247433079345000,BINANCE,SOLUSDT,SELL,141.892,95
1715247433026,1715247433079363000,BINANCE,SOLUSDT,SELL,141.891,80
1715247433026,1715247433079383000,BINANCE,SOLUSDT,BUY,141.947,14
1715247433026,1715247433079401000,BINANCE,SOLUSDT,BUY,141.948,3
1715247433026,1715247433079420000,BINANCE,SOLUSDT,BUY,141.949,3
1715247433026,1715247433079439000,BINANCE,SOLUSDT,SELL,141.891,22
1715247433026,1715247433079458000,BINANCE,SOLUSDT,SELL,141.89,27
1715247433026,1715247433079476000,BINANCE,SOLUSDT,BUY,141.949,17
1715247433026,1715247433079495000,BINANCE,SOLUSDT,SELL,141.89,10
1715247433026,1715247433079513000,BINANCE,SOLUSDT,BUY,141.949,5
1715247433026,1715247433079569000,BINANCE,SOLUSDT,SELL,141.89,9
1715247433026,1715247433079609000,BINANCE,SOLUSDT,BUY,141.949,29
1715247433026,1715247433079627000,BINANCE,SOLUSDT,BUY,141.95,44
1715247433026,1715247433079661000,BINANCE,SOLUSDT,BUY,141.951,149
1715247433026,1715247433079680000,BINANCE,SOLUSDT,BUY,141.952,32
1715247433026,1715247433227646000,BINANCE,SOLUSDT,BUY,141.953,114
1715247433026,1715247433227661000,BINANCE,SOLUSDT,BUY,141.954,10
1715247433026,1715247433227674000,BINANCE,SOLUSDT,BUY,141.955,165
1715247433026,1715247433227686000,BINANCE,SOLUSDT,BUY,141.956,107
1715247433026,1715247433227698000,BINANCE,SOLUSDT,BUY,141.957,24
1715247433026,1715247433227710000,BINANCE,SOLUSDT,BUY,141.958,47
1715247433026,1715247433227722000,BINANCE,SOLUSDT,BUY,141.959,152
1715247433026,1715247433227734000,BINANCE,SOLUSDT,BUY,141.962,17
1715247433026,1715247433227747000,BINANCE,SOLUSDT,BUY,141.963,140
1715247433026,1715247433227759000,BINANCE,SOLUSDT,BUY,141.964,1
1715247433026,1715247433227771000,BINANCE,SOLUSDT,BUY,141.965,7
1715247433026,1715247433227783000,BINANCE,SOLUSDT,BUY,141.966,11
1715247433026,1715247433227795000,BINANCE,SOLUSDT,BUY,141.968,7
1715247433026,1715247433227808000,BINANCE,SOLUSDT,BUY,141.97,55
1715247433026,1715247433227820000,BINANCE,SOLUSDT,BUY,141.971,14
1715247433026,1715247433227832000,BINANCE,SOLUSDT,BUY,141.972,41
1715247433026,1715247433227844000,BINANCE,SOLUSDT,BUY,141.973,82
1715247433026,1715247433227857000,BINANCE,SOLUSDT,BUY,141.974,147
1715247433026,1715247433227870000,BINANCE,SOLUSDT,SELL,141.89,6
1715247433026,1715247433227882000,BINANCE,SOLUSDT,SELL,141.889,87
1715247433026,1715247433227894000,BINANCE,SOLUSDT,SELL,141.888,172
1715247433026,1715247433227906000,BINANCE,SOLUSDT,BUY,141.974,11
1715247433026,1715247433227917000,BINANCE,SOLUSDT,SELL,141.888,1
1715247433026,1715247433227929000,BINANCE,SOLUSDT,BUY,141.974,1
1715247433026,1715247433227941000,BINANCE,SOLUSDT,SELL,141.888,174
1715247433026,1715247433227953000,BINANCE,SOLUSDT,BUY,141.974,1
1715247433026,1715247433227965000,BINANCE,SOLUSDT,BUY,141.975,2
1715247433026,1715247433227977000,BINANCE,SOLUSDT,SELL,141.888,1
1715247433026,1715247433227988000,BINANCE,SOLUSDT,BUY,141.975,188
1715247433027,1715247433228012000,BINANCE,SOLUSDT,SELL,141.888,17
1715247433027,1715247433228024000,BINANCE,SOLUSDT,BUY,141.975,2
1715247433027,1715247433228036000,BINANCE,SOLUSDT,SELL,141.888,22
1715247433027,1715247433228178000,BINANCE,SOLUSDT,BUY,141.975,10
1715247433027,1715247433229110000,BINANCE,SOLUSDT,BUY,141.976,4
1715247433027,1715247433229123000,BINANCE,SOLUSDT,SELL,141.888,43
1715247433027,1715247433229135000,BINANCE,SOLUSDT,BUY,141.976,53
1715247433027,1715247433229147000,BINANCE,SOLUSDT,BUY,141.977,7
1715247433027,1715247433229159000,BINANCE,SOLUSDT,BUY,141.978,1
1715247433027,1715247433229170000,BINANCE,SOLUSDT,BUY,141.979,12
1715247433027,1715247433229182000,BINANCE,SOLUSDT,SELL,141.888,388
1715247433027,1715247433229194000,BINANCE,SOLUSDT,BUY,141.979,10
1715247433027,1715247433229206000,BINANCE,SOLUSDT,SELL,141.888,567
1715247433027,1715247433229218000,BINANCE,SOLUSDT,BUY,141.979,7
1715247433027,1715247433229229000,BINANCE,SOLUSDT,SELL,141.888,57
1715247433027,1715247433229241000,BINANCE,SOLUSDT,SELL,141.915,11
1715247433027,1715247433229253000,BINANCE,SOLUSDT,SELL,141.914,11
1715247433027,1715247433229264000,BINANCE,SOLUSDT,SELL,141.921,11
1715247433027,1715247433229276000,BINANCE,SOLUSDT,SELL,141.918,11
1715247433027,1715247433229313000,BINANCE,SOLUSDT,SELL,141.917,11
1715247433043,1715247433229324000,BINANCE,SOLUSDT,SELL,141.901,3
1715247433043,1715247433229336000,BINANCE,SOLUSDT,SELL,141.9,2
1715247433043,1715247433229348000,BINANCE,SOLUSDT,SELL,141.89,10
1715247433043,1715247433229360000,BINANCE,SOLUSDT,SELL,141.889,18
1715247433043,1715247433229535000,BINANCE,SOLUSDT,SELL,141.888,61
1715247433069,1715247433229547000,BINANCE,SOLUSDT,BUY,141.898,15
1715247433072,1715247433229595000,BINANCE,SOLUSDT,BUY,141.903,11
1715247433110,1715247433229607000,BINANCE,SOLUSDT,BUY,141.915,2
1715247433110,1715247433229690000,BINANCE,SOLUSDT,BUY,141.921,1
1715247433139,1715247433229702000,BINANCE,SOLUSDT,BUY,141.926,1
1715247433139,1715247433229773000,BINANCE,SOLUSDT,BUY,141.93,11
1715247433141,1715247433229833000,BINANCE,SOLUSDT,BUY,141.935,41
1715247433145,1715247433229845000,BINANCE,SOLUSDT,BUY,141.94,11
1715247433145,1715247433229857000,BINANCE,SOLUSDT,BUY,141.941,3
1715247433145,1715247433229916000,BINANCE,SOLUSDT,BUY,141.943,13
1715247433175,1715247433229976000,BINANCE,SOLUSDT,SELL,141.943,8
1715247433176,1715247433229987000,BINANCE,SOLUSDT,SELL,141.942,78
1715247433176,1715247433230000000,BINANCE,SOLUSDT,SELL,141.94,10
1715247433176,1715247433230011000,BINANCE,SOLUSDT,SELL,141.936,1
1715247433176,1715247433230023000,BINANCE,SOLUSDT,SELL,141.935,28
1715247433177,1715247433230035000,BINANCE,SOLUSDT,SELL,141.934,5
1715247433177,1715247433230048000,BINANCE,SOLUSDT,SELL,141.933,1
1715247433177,1715247433230060000,BINANCE,SOLUSDT,SELL,141.926,75
1715247433177,1715247433230083000,BINANCE,SOLUSDT,SELL,141.925,9
1715247433177,1715247433230095000,BINANCE,SOLUSDT,SELL,141.923,15
1715247433177,1715247433230107000,BINANCE,SOLUSDT,SELL,141.92,6
1715247433177,1715247433230118000,BINANCE,SOLUSDT,SELL,141.919,4
1715247433177,1715247433230130000,BINANCE,SOLUSDT,SELL,141.916,19
1715247433177,1715247433230142000,BINANCE,SOLUSDT,SELL,141.914,1
1715247433177,1715247433230154000,BINANCE,SOLUSDT,SELL,141.911,2
1715247433177,1715247433230166000,BINANCE,SOLUSDT,SELL,141.907,2
1715247433177,1715247433230178000,BINANCE,SOLUSDT,SELL,141.904,15
1715247433180,1715247433230190000,BINANCE,SOLUSDT,SELL,141.897,2
1715247433180,1715247433230295000,BINANCE,SOLUSDT,SELL,141.896,52
1715247433184,1715247433230306000,BINANCE,SOLUSDT,SELL,141.895,1
1715247433184,1715247433230318000,BINANCE,SOLUSDT,SELL,141.894,30
1715247433184,1715247433230329000,BINANCE,SOLUSDT,SELL,141.893,110
1715247433184,1715247433230623000,BINANCE,SOLUSDT,SELL,141.892,30
1715247433198,1715247433230682000,BINANCE,SOLUSDT,SELL,141.891,11
1715247433223,1715247433230694000,BINANCE,SOLUSDT,BUY,141.892,52
1715247433228,1715247433230706000,BINANCE,SOLUSDT,BUY,141.891,8
1715247433228,1715247433230718000,BINANCE,SOLUSDT,BUY,141.892,44
1715247433233,1715247433230730000,BINANCE,SOLUSDT,SELL,141.89,1
1715247433233,1715247433230885000,BINANCE,SOLUSDT,SELL,141.889,3
1715247433253,1715247433230896000,BINANCE,SOLUSDT,BUY,141.89,66
1715247433253,1715247433230908000,BINANCE,SOLUSDT,BUY,141.891,12
1715247433253,1715247433230920000,BINANCE,SOLUSDT,BUY,141.892,53
1715247433254,1715247433230932000,BINANCE,SOLUSDT,BUY,141.894,6
1715247433254,1715247433230944000,BINANCE,SOLUSDT,BUY,141.898,3
1715247433265,1715247433230956000,BINANCE,SOLUSDT,BUY,141.894,2
1715247433268,1715247433230968000,BINANCE,SOLUSDT,SELL,141.902,4
1715247433268,1715247433230979000,BINANCE,SOLUSDT,SELL,141.897,8
1715247433272,1715247433231121000,BINANCE,SOLUSDT,SELL,141.894,21
1715247433288,1715247433231132000,BINANCE,SOLUSDT,BUY,141.895,2
1715247433288,1715247433231145000,BINANCE,SOLUSDT,BUY,141.897,19
1715247433288,1715247433246235000,BINANCE,SOLUSDT,BUY,141.898,2
1715247433321,1715247433246252000,BINANCE,SOLUSDT,SELL,141.907,34
1715247433321,1715247433246265000,BINANCE,SOLUSDT,SELL,141.906,23
1715247433321,1715247433283667000,BINANCE,SOLUSDT,SELL,141.905,3
1715247433357,1715247433283682000,BINANCE,SOLUSDT,BUY,141.908,1
1715247433357,1715247433283696000,BINANCE,SOLUSDT,BUY,141.921,3
1715247433357,1715247433343472000,BINANCE,SOLUSDT,BUY,141.928,6
1715247433419,1715247433410357000,BINANCE,SOLUSDT,SELL,141.926,1
1715247433486,1715247433413692000,BINANCE,SOLUSDT,BUY,141.927,24
1715247433492,1715247433415586000,BINANCE,SOLUSDT,BUY,141.929,8
1715247433492,1715247433460571000,BINANCE,SOLUSDT,BUY,141.934,7
1715247433535,1715247433460608000,BINANCE,SOLUSDT,BUY,141.939,3
1715247433535,1715247433460641000,BINANCE,SOLUSDT,BUY,141.942,25
1715247433535,1715247433460676000,BINANCE,SOLUSDT,BUY,141.943,14
1715247433535,1715247433460709000,BINANCE,SOLUSDT,BUY,141.945,12
1715247433535,1715247433511118000,BINANCE,SOLUSDT,BUY,141.947,26
1715247433586,1715247433511156000,BINANCE,SOLUSDT,BUY,141.95,1
1715247433586,1715247433661697000,BINANCE,SOLUSDT,BUY,141.951,5
1715247434021,1715247433954959000,BINANCE,SOLUSDT,SELL,141.955,34
1715247434021,1715247433955009000,BINANCE,SOLUSDT,SELL,141.954,3
1715247434021,1715247433955054000,BINANCE,SOLUSDT,SELL,141.952,3
1715247434021,1715247433955099000,BINANCE,SOLUSDT,SELL,141.949,7
1715247434021,1715247433955144000,BINANCE,SOLUSDT,SELL,141.948,13
1715247434021,1715247433955189000,BINANCE,SOLUSDT,SELL,141.947,37
1715247434021,1715247433955233000,BINANCE,SOLUSDT,SELL,141.946,4
1715247434021,1715247433955278000,BINANCE,SOLUSDT,SELL,141.944,2
1715247434021,1715247433955322000,BINANCE,SOLUSDT,SELL,141.943,3
1715247434021,1715247433955366000,BINANCE,SOLUSDT,SELL,141.942,3
1715247434021,1715247433955410000,BINANCE,SOLUSDT,SELL,141.941,20
1715247434021,1715247433958591000,BINANCE,SOLUSDT,SELL,141.94,4
1715247434021,1715247433958640000,BINANCE,SOLUSDT,SELL,141.937,3
1715247434021,1715247433958684000,BINANCE,SOLUSDT,SELL,141.936,19
1715247434021,1715247433958727000,BINANCE,SOLUSDT,SELL,141.934,20
1715247434021,1715247433958770000,BINANCE,SOLUSDT,SELL,141.933,18
1715247434021,1715247433958813000,BINANCE,SOLUSDT,SELL,141.932,16
1715247434021,1715247433958856000,BINANCE,SOLUSDT,SELL,141.931,3
1715247434021,1715247433958899000,BINANCE,SOLUSDT,SELL,141.93,5
1715247434021,1715247433958941000,BINANCE,SOLUSDT,SELL,141.929,8
1715247434021,1715247433958983000,BINANCE,SOLUSDT,SELL,141.928,20
1715247434021,1715247433959026000,BINANCE,SOLUSDT,SELL,141.926,1
1715247434021,1715247433959068000,BINANCE,SOLUSDT,SELL,141.925,3
1715247434021,1715247433959111000,BINANCE,SOLUSDT,SELL,141.924,19
1715247434021,1715247433959154000,BINANCE,SOLUSDT,SELL,141.922,6
1715247434021,1715247433959196000,BINANCE,SOLUSDT,SELL,141.92,1
1715247434021,1715247433959239000,BINANCE,SOLUSDT,SELL,141.919,19
1715247434021,1715247433959282000,BINANCE,SOLUSDT,SELL,141.918,3
1715247434021,1715247433959325000,BINANCE,SOLUSDT,SELL,141.917,1
1715247434021,1715247433959367000,BINANCE,SOLUSDT,SELL,141.916,20
1715247434021,1715247433959411000,BINANCE,SOLUSDT,SELL,141.915,2
1715247434021,1715247433959457000,BINANCE,SOLUSDT,SELL,141.914,1
1715247434021,1715247433959504000,BINANCE,SOLUSDT,SELL,141.913,3
1715247434021,1715247433972706000,BINANCE,SOLUSDT,SELL,141.912,6
1715247434039,1715247433972744000,BINANCE,SOLUSDT,BUY,141.926,4
1715247434041,1715247433972856000,BINANCE,SOLUSDT,SELL,141.925,4
1715247434046,1715247433972893000,BINANCE,SOLUSDT,SELL,141.927,4
1715247434046,1715247433972931000,BINANCE,SOLUSDT,SELL,141.926,4
1715247434046,1715247433972969000,BINANCE,SOLUSDT,SELL,141.925,14
1715247434046,1715247433973006000,BINANCE,SOLUSDT,SELL,141.919,1
1715247434046,1715247433973043000,BINANCE,SOLUSDT,SELL,141.918,1
1715247434048,1715247434009889000,BINANCE,SOLUSDT,SELL,141.924,3
1715247434082,1715247434022551000,BINANCE,SOLUSDT,BUY,141.925,23
1715247434095,1715247434032541000,BINANCE,SOLUSDT,BUY,141.93,27
1715247434106,1715247434094693000,BINANCE,SOLUSDT,SELL,141.929,1
1715247434170,1715247434244272000,BINANCE,SOLUSDT,SELL,141.944,5
1715247434337,1715247434333228000,BINANCE,SOLUSDT,SELL,141.949,35
1715247434408,1715247434334814000,BINANCE,SOLUSDT,SELL,141.947,18
1715247434408,1715247434334901000,BINANCE,SOLUSDT,SELL,141.946,3
1715247434408,1715247434334978000,BINANCE,SOLUSDT,SELL,141.945,18
1715247434408,1715247434335069000,BINANCE,SOLUSDT,SELL,141.944,28
1715247434408,1715247434335146000,BINANCE,SOLUSDT,SELL,141.93,1
1715247434408,1715247434335231000,BINANCE,SOLUSDT,SELL,141.929,9
1715247434408,1715247434335339000,BINANCE,SOLUSDT,SELL,141.925,17
1715247434408,1715247434335420000,BINANCE,SOLUSDT,SELL,141.924,20
1715247434408,1715247434335499000,BINANCE,SOLUSDT,SELL,141.921,16
1715247434408,1715247434335579000,BINANCE,SOLUSDT,SELL,141.92,12
1715247434408,1715247434335689000,BINANCE,SOLUSDT,SELL,141.919,3
1715247434408,1715247434335780000,BINANCE,SOLUSDT,SELL,141.918,17
1715247434408,1715247434388052000,BINANCE,SOLUSDT,SELL,141.917,18
1715247434463,1715247434507257000,BINANCE,SOLUSDT,BUY,141.93,43
1715247434580,1715247434507300000,BINANCE,SOLUSDT,SELL,141.938,1
1715247434580,1715247434618852000,BINANCE,SOLUSDT,SELL,141.937,11
1715247434694,1715247434725271000,BINANCE,SOLUSDT,SELL,141.937,4
1715247434800,1715247434725322000,BINANCE,SOLUSDT,SELL,141.937,1
1715247434800,1715247434725365000,BINANCE,SOLUSDT,SELL,141.935,2
1715247434800,1715247434875241000,BINANCE,SOLUSDT,BUY,141.936,1
1715247435072,1715247435082473000,BINANCE,SOLUSDT,BUY,141.936,92
1715247435157,1715247435199105000,BINANCE,SOLUSDT,SELL,141.935,8
1715247435272,1715247435199175000,BINANCE,SOLUSDT,BUY,141.936,44
1715247435272,1715247435199232000,BINANCE,SOLUSDT,BUY,141.937,1
1715247435273,1715247435199289000,BINANCE,SOLUSDT,BUY,141.938,28
1715247435273,1715247435199346000,BINANCE,SOLUSDT,BUY,141.94,1
1715247435274,1715247435199403000,BINANCE,SOLUSDT,BUY,141.944,2
1715247435274,1715247435199460000,BINANCE,SOLUSDT,BUY,141.947,17
1715247435274,1715247435199522000,BINANCE,SOLUSDT,BUY,141.948,9
1715247435274,1715247435204945000,BINANCE,SOLUSDT,BUY,141.949,20
1715247435279,1715247435204995000,BINANCE,SOLUSDT,BUY,141.95,2
1715247435279,1715247435205032000,BINANCE,SOLUSDT,BUY,141.951,1
1715247435279,1715247435350830000,BINANCE,SOLUSDT,BUY,141.953,1
1715247435427,1715247435350942000,BINANCE,SOLUSDT,SELL,141.955,44
1715247435427,1715247435351021000,BINANCE,SOLUSDT,SELL,141.952,3
1715247435427,1715247435368638000,BINANCE,SOLUSDT,SELL,141.95,2
1715247435442,1715247435517441000,BINANCE,SOLUSDT,BUY,141.95,4
1715247435603,1715247435584989000,BINANCE,SOLUSDT,SELL,141.949,14
1715247435659,1715247435631132000,BINANCE,SOLUSDT,BUY,141.95,14
1715247435704,1715247435631209000,BINANCE,SOLUSDT,SELL,141.949,13
1715247435704,1715247435631268000,BINANCE,SOLUSDT,SELL,141.948,20
1715247435704,1715247435631325000,BINANCE,SOLUSDT,SELL,141.947,18
1715247435704,1715247435780005000,BINANCE,SOLUSDT,SELL,141.946,1
1715247435906,1715247435830237000,BINANCE,SOLUSDT,BUY,141.947,37
1715247435906,1715247435830261000,BINANCE,SOLUSDT,BUY,141.95,5
1715247435907,1715247435830284000,BINANCE,SOLUSDT,BUY,141.952,2
1715247435907,1715247435917608000,BINANCE,SOLUSDT,BUY,141.954,17
1715247435993,1715247435918892000,BINANCE,SOLUSDT,BUY,141.956,6
1715247435994,1715247435929111000,BINANCE,SOLUSDT,BUY,141.957,35
1715247435999,1715247435930466000,BINANCE,SOLUSDT,SELL,141.959,68
1715247436000,1715247435932419000,BINANCE,SOLUSDT,SELL,141.958,54
1715247436003,1715247435932450000,BINANCE,SOLUSDT,SELL,141.957,53
1715247436003,1715247435933612000,BINANCE,SOLUSDT,SELL,141.956,77
1715247436004,1715247435933644000,BINANCE,SOLUSDT,SELL,141.955,12
1715247436004,1715247435933671000,BINANCE,SOLUSDT,SELL,141.954,1
1715247436004,1715247435937282000,BINANCE,SOLUSDT,SELL,141.957,4
1715247436009,1715247435946450000,BINANCE,SOLUSDT,SELL,141.947,1
1715247436019,1715247435946501000,BINANCE,SOLUSDT,SELL,141.939,1
1715247436019,1715247435946536000,BINANCE,SOLUSDT,SELL,141.937,11
1715247436019,1715247435946560000,BINANCE,SOLUSDT,SELL,141.936,2
1715247436019,1715247435950434000,BINANCE,SOLUSDT,SELL,141.935,22
1715247436025,1715247435950465000,BINANCE,SOLUSDT,BUY,141.936,1
1715247436027,1715247435950492000,BINANCE,SOLUSDT,SELL,141.935,32
1715247436027,1715247435950520000,BINANCE,SOLUSDT,SELL,141.934,1
1715247436027,1715247435952491000,BINANCE,SOLUSDT,SELL,141.93,1
1715247436027,1715247435987172000,BINANCE,SOLUSDT,SELL,141.925,11
1715247436062,1715247435991186000,BINANCE,SOLUSDT,SELL,141.924,3
1715247436066,1715247435991217000,BINANCE,SOLUSDT,SELL,141.922,1
1715247436066,1715247435991244000,BINANCE,SOLUSDT,SELL,141.919,1
1715247436066,1715247435991271000,BINANCE,SOLUSDT,SELL,141.914,13
1715247436067,1715247436092051000,BINANCE,SOLUSDT,BUY,141.915,5
1715247436167,1715247436092110000,BINANCE,SOLUSDT,BUY,141.903,16
1715247436167,1715247436092155000,BINANCE,SOLUSDT,BUY,141.904,2
1715247436167,1715247436099465000,BINANCE,SOLUSDT,BUY,141.905,15
1715247436176,1715247436103184000,BINANCE,SOLUSDT,BUY,141.914,16
1715247436178,1715247436110827000,BINANCE,SOLUSDT,BUY,141.915,2
1715247436187,1715247436128516000,BINANCE,SOLUSDT,BUY,141.922,33
1715247436206,1715247436293493000,BINANCE,SOLUSDT,SELL,141.923,12
1715247436413,1715247436338258000,BINANCE,SOLUSDT,BUY,141.907,4
1715247436413,1715247436374794000,BINANCE,SOLUSDT,BUY,141.912,14
1715247436449,1715247436524221000,BINANCE,SOLUSDT,BUY,141.91,9
1715247436945,1715247436872209000,BINANCE,SOLUSDT,BUY,141.91,1
1715247436949,1715247436876965000,BINANCE,SOLUSDT,SELL,141.909,114
1715247436951,1715247436876992000,BINANCE,SOLUSDT,SELL,141.908,16
1715247436951,1715247436877020000,BINANCE,SOLUSDT,SELL,141.905,1
1715247436951,1715247436877047000,BINANCE,SOLUSDT,SELL,141.904,19
1715247436951,1715247436877075000,BINANCE,SOLUSDT,SELL,141.902,1
1715247436951,1715247436877111000,BINANCE,SOLUSDT,SELL,141.901,22
1715247436951,1715247436877153000,BINANCE,SOLUSDT,SELL,141.9,50
1715247436951,1715247436877181000,BINANCE,SOLUSDT,SELL,141.898,8
1715247436951,1715247436877208000,BINANCE,SOLUSDT,SELL,141.895,5
1715247436951,1715247436877236000,BINANCE,SOLUSDT,SELL,141.891,13
1715247436951,1715247436877263000,BINANCE,SOLUSDT,SELL,141.89,20
1715247436951,1715247436877291000,BINANCE,SOLUSDT,SELL,141.889,139
1715247436951,1715247436914332000,BINANCE,SOLUSDT,SELL,141.888,581
1715247436991,1715247436914371000,BINANCE,SOLUSDT,BUY,141.893,16
1715247436991,1715247436914404000,BINANCE,SOLUSDT,BUY,141.894,4
1715247436991,1715247436916277000,BINANCE,SOLUSDT,BUY,141.895,3
1715247436991,1715247436916315000,BINANCE,SOLUSDT,BUY,141.898,49
1715247436991,1715247436916370000,BINANCE,SOLUSDT,BUY,141.899,43
1715247436991,1715247436916412000,BINANCE,SOLUSDT,BUY,141.9,47
1715247436991,1715247436916445000,BINANCE,SOLUSDT,BUY,141.901,3
1715247436991,1715247436916479000,BINANCE,SOLUSDT,BUY,141.902,2
1715247436991,1715247436916512000,BINANCE,SOLUSDT,BUY,141.904,3
1715247436991,1715247436916547000,BINANCE,SOLUSDT,BUY,141.906,4
1715247436991,1715247436916580000,BINANCE,SOLUSDT,BUY,141.907,3
1715247436991,1715247436916613000,BINANCE,SOLUSDT,BUY,141.909,27
1715247436992,1715247436916647000,BINANCE,SOLUSDT,BUY,141.91,11
1715247436992,1715247436916681000,BINANCE,SOLUSDT,BUY,141.911,28
1715247436992,1715247436916715000,BINANCE,SOLUSDT,BUY,141.912,18
1715247436992,1715247436916748000,BINANCE,SOLUSDT,BUY,141.913,3
1715247436992,1715247436916781000,BINANCE,SOLUSDT,BUY,141.914,2
1715247436992,1715247436916815000,BINANCE,SOLUSDT,BUY,141.916,4
1715247436992,1715247436916848000,BINANCE,SOLUSDT,BUY,141.918,13
1715247436992,1715247436916882000,BINANCE,SOLUSDT,BUY,141.919,3
1715247436992,1715247436916916000,BINANCE,SOLUSDT,BUY,141.92,66
1715247436992,1715247436916950000,BINANCE,SOLUSDT,BUY,141.921,15
1715247436992,1715247436925386000,BINANCE,SOLUSDT,BUY,141.922,16
1715247437000,1715247436925419000,BINANCE,SOLUSDT,BUY,141.925,1
1715247437000,1715247436936579000,BINANCE,SOLUSDT,BUY,141.926,15
1715247437012,1715247436936606000,BINANCE,SOLUSDT,SELL,141.926,58
1715247437013,1715247436936630000,BINANCE,SOLUSDT,SELL,141.924,3
1715247437013,1715247437027144000,BINANCE,SOLUSDT,SELL,141.923,26
1715247437104,1715247437033283000,BINANCE,SOLUSDT,BUY,141.924,80
1715247437108,1715247437034422000,BINANCE,SOLUSDT,BUY,141.927,6
1715247437112,1715247437066265000,BINANCE,SOLUSDT,BUY,141.929,6
1715247437141,1715247437115371000,BINANCE,SOLUSDT,SELL,141.931,2
1715247437193,1715247437157641000,BINANCE,SOLUSDT,BUY,141.932,1
1715247437233,1715247437179463000,BINANCE,SOLUSDT,BUY,141.933,8
1715247437256,1715247437233810000,BINANCE,SOLUSDT,BUY,141.937,1
1715247437308,1715247437314598000,BINANCE,SOLUSDT,SELL,141.936,1
1715247437392,1715247437321009000,BINANCE,SOLUSDT,BUY,141.937,38
1715247437395,1715247437321042000,BINANCE,SOLUSDT,BUY,141.943,2
1715247437395,1715247437322026000,BINANCE,SOLUSDT,BUY,141.944,6
1715247437398,1715247437322057000,BINANCE,SOLUSDT,BUY,141.947,3
1715247437398,1715247437322085000,BINANCE,SOLUSDT,BUY,141.948,42
1715247437398,1715247437322113000,BINANCE,SOLUSDT,BUY,141.949,3
1715247437398,1715247437322144000,BINANCE,SOLUSDT,BUY,141.95,2
1715247437398,1715247437372956000,BINANCE,SOLUSDT,BUY,141.951,31
1715247437448,1715247437465862000,BINANCE,SOLUSDT,BUY,141.952,2
1715247437540,1715247437568157000,BINANCE,SOLUSDT,SELL,141.951,1
1715247437646,1715247437679798000,BINANCE,SOLUSDT,BUY,141.952,7
1715247437756,1715247437804326000,BINANCE,SOLUSDT,BUY,141.952,107
1715247437881,1715247437806719000,BINANCE,SOLUSDT,BUY,141.952,80
1715247437883,1715247437819477000,BINANCE,SOLUSDT,BUY,141.953,175
1715247437897,1715247437820772000,BINANCE,SOLUSDT,SELL,141.953,18
1715247437898,1715247437821771000,BINANCE,SOLUSDT,SELL,141.951,2
1715247437898,1715247437821869000,BINANCE,SOLUSDT,SELL,141.943,2
1715247437898,1715247437878294000,BINANCE,SOLUSDT,SELL,141.94,3
1715247437953,1715247437886405000,BINANCE,SOLUSDT,SELL,141.943,52
1715247437963,1715247437889135000,BINANCE,SOLUSDT,SELL,141.94,34
1715247437963,1715247437889186000,BINANCE,SOLUSDT,SELL,141.939,43
1715247437963,1715247437889251000,BINANCE,SOLUSDT,SELL,141.938,35
1715247437963,1715247437889315000,BINANCE,SOLUSDT,SELL,141.937,12
1715247437963,1715247437889362000,BINANCE,SOLUSDT,SELL,141.936,32
1715247437963,1715247437889437000,BINANCE,SOLUSDT,SELL,141.934,4
1715247437963,1715247437889514000,BINANCE,SOLUSDT,SELL,141.933,10
1715247437963,1715247437889613000,BINANCE,SOLUSDT,SELL,141.932,1
1715247437963,1715247437889692000,BINANCE,SOLUSDT,SELL,141.931,24
1715247437963,1715247437889768000,BINANCE,SOLUSDT,SELL,141.93,4
1715247437963,1715247437889845000,BINANCE,SOLUSDT,SELL,141.929,11
1715247437963,1715247437889922000,BINANCE,SOLUSDT,SELL,141.928,18
1715247437963,1715247437890007000,BINANCE,SOLUSDT,SELL,141.927,25
1715247437963,1715247437890084000,BINANCE,SOLUSDT,SELL,141.926,4
1715247437963,1715247437894045000,BINANCE,SOLUSDT,SELL,141.925,179
1715247437963,1715247437894095000,BINANCE,SOLUSDT,SELL,141.924,10
1715247437963,1715247437894132000,BINANCE,SOLUSDT,SELL,141.923,12
1715247437963,1715247437894168000,BINANCE,SOLUSDT,SELL,141.922,765
1715247437968,1715247437972914000,BINANCE,SOLUSDT,BUY,141.923,18
1715247438049,1715247437972973000,BINANCE,SOLUSDT,BUY,141.929,2
1715247438049,1715247437994582000,BINANCE,SOLUSDT,BUY,141.93,1
1715247438070,1715247437994687000,BINANCE,SOLUSDT,BUY,141.934,15
1715247438071,1715247438135662000,BINANCE,SOLUSDT,BUY,141.939,18
1715247438212,1715247438147689000,BINANCE,SOLUSDT,BUY,141.943,26
1715247438224,1715247438171090000,BINANCE,SOLUSDT,BUY,141.95,15
1715247438249,1715247438323244000,BINANCE,SOLUSDT,SELL,141.953,11
1715247438447,1715247438522566000,BINANCE,SOLUSDT,SELL,141.924,1
1715247438683,1715247438607239000,BINANCE,SOLUSDT,SELL,141.924,8
1715247438683,1715247438614338000,BINANCE,SOLUSDT,SELL,141.923,1
1715247438691,1715247438700116000,BINANCE,SOLUSDT,SELL,141.922,1203
1715247438771,1715247438700219000,BINANCE,SOLUSDT,SELL,141.921,1
1715247438771,1715247438752375000,BINANCE,SOLUSDT,SELL,141.919,1
1715247438827,1715247438781038000,BINANCE,SOLUSDT,SELL,141.907,20
1715247438857,1715247438782388000,BINANCE,SOLUSDT,BUY,141.908,81
1715247438858,1715247438793660000,BINANCE,SOLUSDT,BUY,141.912,22
1715247438870,1715247438793702000,BINANCE,SOLUSDT,BUY,141.918,11
1715247438870,1715247438798671000,BINANCE,SOLUSDT,BUY,141.919,8
1715247438874,1715247438798718000,BINANCE,SOLUSDT,BUY,141.92,33
1715247438874,1715247438916110000,BINANCE,SOLUSDT,BUY,141.922,7
1715247438991,1715247439066544000,BINANCE,SOLUSDT,SELL,141.921,1
1715247439315,1715247439256439000,BINANCE,SOLUSDT,SELL,141.921,15
1715247439333,1715247439275700000,BINANCE,SOLUSDT,BUY,141.922,1
1715247439352,1715247439426265000,BINANCE,SOLUSDT,SELL,141.921,1
1715247439543,1715247439615933000,BINANCE,SOLUSDT,SELL,141.921,6
1715247439882,1715247439957938000,BINANCE,SOLUSDT,SELL,141.921,2
1715247440037,1715247440111658000,BINANCE,SOLUSDT,SELL,141.921,18
1715247440228,1715247440158923000,BINANCE,SOLUSDT,BUY,141.905,7
1715247440233,1715247440185233000,BINANCE,SOLUSDT,SELL,141.904,8
1715247440260,1715247440185320000,BINANCE,SOLUSDT,BUY,141.905,22
1715247440260,1715247440185398000,BINANCE,SOLUSDT,BUY,141.907,2
1715247440260,1715247440185476000,BINANCE,SOLUSDT,BUY,141.914,12
1715247440260,1715247440336573000,BINANCE,SOLUSDT,BUY,141.916,11
1715247440493,1715247440553330000,BINANCE,SOLUSDT,SELL,141.918,1
1715247440627,1715247440704028000,BINANCE,SOLUSDT,SELL,141.918,1
1715247440788,1715247440862266000,BINANCE,SOLUSDT,BUY,141.919,3
1715247441121,1715247441046153000,BINANCE,SOLUSDT,SELL,141.918,8
1715247441121,1715247441046194000,BINANCE,SOLUSDT,SELL,141.908,5
1715247441122,1715247441050933000,BINANCE,SOLUSDT,SELL,141.904,11
1715247441125,1715247441050971000,BINANCE,SOLUSDT,SELL,141.903,2
1715247441125,1715247441108310000,BINANCE,SOLUSDT,SELL,141.9,1001
1715247441183,1715247441108403000,BINANCE,SOLUSDT,SELL,141.89,1
1715247441183,1715247441130321000,BINANCE,SOLUSDT,SELL,141.888,13
1715247441206,1715247441137962000,BINANCE,SOLUSDT,BUY,141.889,21
1715247441213,1715247441287991000,BINANCE,SOLUSDT,SELL,141.888,69
1715247441413,1715247441403772000,BINANCE,SOLUSDT,BUY,141.889,140
1715247441480,1715247441446911000,BINANCE,SOLUSDT,BUY,141.891,7
1715247441522,1715247441479605000,BINANCE,SOLUSDT,SELL,141.895,110
1715247441553,1715247441479693000,BINANCE,SOLUSDT,BUY,141.896,4
1715247441553,1715247441479771000,BINANCE,SOLUSDT,BUY,141.898,3
1715247441553,1715247441479874000,BINANCE,SOLUSDT,BUY,141.9,3
1715247441553,1715247441479959000,BINANCE,SOLUSDT,BUY,141.902,4
1715247441553,1715247441480039000,BINANCE,SOLUSDT,BUY,141.904,23
1715247441553,1715247441480121000,BINANCE,SOLUSDT,BUY,141.906,1
1715247441553,1715247441480230000,BINANCE,SOLUSDT,BUY,141.907,10
1715247441553,1715247441480312000,BINANCE,SOLUSDT,BUY,141.908,14
1715247441553,1715247441480390000,BINANCE,SOLUSDT,BUY,141.91,4
1715247441553,1715247441480467000,BINANCE,SOLUSDT,BUY,141.912,28
1715247441553,1715247441480544000,BINANCE,SOLUSDT,BUY,141.913,6
1715247441553,1715247441480621000,BINANCE,SOLUSDT,BUY,141.914,3
1715247441553,1715247441480725000,BINANCE,SOLUSDT,BUY,141.915,28
1715247441553,1715247441480805000,BINANCE,SOLUSDT,BUY,141.916,3
1715247441553,1715247441480898000,BINANCE,SOLUSDT,BUY,141.917,1
1715247441553,1715247441480977000,BINANCE,SOLUSDT,BUY,141.918,12
1715247441553,1715247441481054000,BINANCE,SOLUSDT,BUY,141.919,30
1715247441553,1715247441481132000,BINANCE,SOLUSDT,BUY,141.92,45
1715247441553,1715247441481225000,BINANCE,SOLUSDT,BUY,141.921,4
1715247441553,1715247441481304000,BINANCE,SOLUSDT,BUY,141.922,117
1715247441553,1715247441481439000,BINANCE,SOLUSDT,BUY,141.923,5
1715247441553,1715247441481541000,BINANCE,SOLUSDT,BUY,141.924,25
1715247441553,1715247441481599000,BINANCE,SOLUSDT,BUY,141.925,19
1715247441553,1715247441481655000,BINANCE,SOLUSDT,BUY,141.926,48
1715247441553,1715247441481711000,BINANCE,SOLUSDT,BUY,141.927,26
1715247441553,1715247441481767000,BINANCE,SOLUSDT,BUY,141.928,9
1715247441553,1715247441482641000,BINANCE,SOLUSDT,BUY,141.929,64
1715247441553,1715247441482704000,BINANCE,SOLUSDT,BUY,141.93,121
1715247441553,1715247441482761000,BINANCE,SOLUSDT,BUY,141.931,7
1715247441553,1715247441482836000,BINANCE,SOLUSDT,BUY,141.932,4
1715247441553,1715247441482895000,BINANCE,SOLUSDT,BUY,141.934,3
1715247441553,1715247441482961000,BINANCE,SOLUSDT,BUY,141.935,3
1715247441553,1715247441483017000,BINANCE,SOLUSDT,BUY,141.936,20
1715247441553,1715247441483074000,BINANCE,SOLUSDT,BUY,141.937,57
1715247441553,1715247441483132000,BINANCE,SOLUSDT,BUY,141.938,202
1715247441553,1715247441483191000,BINANCE,SOLUSDT,BUY,141.94,1
1715247441553,1715247441483329000,BINANCE,SOLUSDT,BUY,141.941,42
1715247441553,1715247441483389000,BINANCE,SOLUSDT,BUY,141.942,17
1715247441553,1715247441483447000,BINANCE,SOLUSDT,BUY,141.944,27
1715247441554,1715247441483504000,BINANCE,SOLUSDT,BUY,141.945,2
1715247441554,1715247441483560000,BINANCE,SOLUSDT,BUY,141.946,36
1715247441554,1715247441483611000,BINANCE,SOLUSDT,BUY,141.947,17
1715247441554,1715247441483654000,BINANCE,SOLUSDT,BUY,141.949,1
1715247441554,1715247441483699000,BINANCE,SOLUSDT,BUY,141.95,140
1715247441554,1715247441483743000,BINANCE,SOLUSDT,BUY,141.952,73
1715247441554,1715247441483787000,BINANCE,SOLUSDT,BUY,141.953,305
1715247441554,1715247441483831000,BINANCE,SOLUSDT,BUY,141.954,53
1715247441555,1715247441486803000,BINANCE,SOLUSDT,BUY,141.955,2
1715247441555,1715247441486856000,BINANCE,SOLUSDT,BUY,141.956,2
1715247441556,1715247441486892000,BINANCE,SOLUSDT,BUY,141.958,1
1715247441556,1715247441486928000,BINANCE,SOLUSDT,BUY,141.959,2
1715247441556,1715247441486965000,BINANCE,SOLUSDT,BUY,141.947,3
1715247441556,1715247441487001000,BINANCE,SOLUSDT,BUY,141.949,9
1715247441557,1715247441487037000,BINANCE,SOLUSDT,BUY,141.953,3
1715247441557,1715247441487074000,BINANCE,SOLUSDT,BUY,141.946,3
1715247441558,1715247441487110000,BINANCE,SOLUSDT,BUY,141.959,7
1715247441558,1715247441487147000,BINANCE,SOLUSDT,BUY,141.96,74
1715247441558,1715247441487183000,BINANCE,SOLUSDT,BUY,141.961,8
1715247441558,1715247441487218000,BINANCE,SOLUSDT,BUY,141.962,28
1715247441559,1715247441492721000,BINANCE,SOLUSDT,BUY,141.963,2
1715247441567,1715247441506666000,BINANCE,SOLUSDT,BUY,141.938,11
1715247441583,1715247441525287000,BINANCE,SOLUSDT,BUY,141.942,4
1715247441599,1715247441675430000,BINANCE,SOLUSDT,BUY,141.953,10
1715247441752,1715247441721024000,BINANCE,SOLUSDT,SELL,141.964,3
1715247441797,1715247441791053000,BINANCE,SOLUSDT,BUY,141.965,3
1715247441868,1715247441942126000,BINANCE,SOLUSDT,SELL,141.962,1
1715247442194,1715247442268381000,BINANCE,SOLUSDT,SELL,141.956,32
1715247442410,1715247442396506000,BINANCE,SOLUSDT,BUY,141.957,10
1715247442472,1715247442547063000,BINANCE,SOLUSDT,SELL,141.956,1
1715247442868,1715247442794485000,BINANCE,SOLUSDT,SELL,141.956,23
1715247442868,1715247442794536000,BINANCE,SOLUSDT,SELL,141.955,1
1715247442868,1715247442794574000,BINANCE,SOLUSDT,SELL,141.952,2
1715247442868,1715247442794610000,BINANCE,SOLUSDT,SELL,141.95,1
1715247442868,1715247442901037000,BINANCE,SOLUSDT,SELL,141.949,1
1715247442974,1715247442955178000,BINANCE,SOLUSDT,SELL,141.956,1
1715247443029,1715247442967383000,BINANCE,SOLUSDT,BUY,141.957,7
1715247443042,1715247442967487000,BINANCE,SOLUSDT,BUY,141.96,3
1715247443042,1715247442967567000,BINANCE,SOLUSDT,BUY,141.963,1
1715247443042,1715247442981361000,BINANCE,SOLUSDT,BUY,141.968,3
1715247443055,1715247442989906000,BINANCE,SOLUSDT,BUY,141.971,5
1715247443065,1715247442990004000,BINANCE,SOLUSDT,BUY,141.974,18
1715247443066,1715247442990083000,BINANCE,SOLUSDT,BUY,141.977,3
1715247443066,1715247443037855000,BINANCE,SOLUSDT,BUY,141.978,8
1715247443112,1715247443187854000,BINANCE,SOLUSDT,SELL,141.978,13
1715247443262,1715247443264930000,BINANCE,SOLUSDT,BUY,141.972,22
1715247443340,1715247443414720000,BINANCE,SOLUSDT,SELL,141.976,5
1715247443673,1715247443736384000,BINANCE,SOLUSDT,SELL,141.976,4
1715247443812,1715247443802526000,BINANCE,SOLUSDT,SELL,141.976,177
1715247443879,1715247443954187000,BINANCE,SOLUSDT,SELL,141.971,1
1715247444039,1715247444112586000,BINANCE,SOLUSDT,BUY,141.951,1
1715247444337,1715247444369460000,BINANCE,SOLUSDT,BUY,141.951,14
1715247444444,1715247444369559000,BINANCE,SOLUSDT,SELL,141.978,18
1715247444444,1715247444369638000,BINANCE,SOLUSDT,SELL,141.977,4
1715247444444,1715247444369716000,BINANCE,SOLUSDT,SELL,141.976,17
1715247444444,1715247444369795000,BINANCE,SOLUSDT,SELL,141.973,10
1715247444444,1715247444435919000,BINANCE,SOLUSDT,SELL,141.972,1
1715247444511,1715247444530984000,BINANCE,SOLUSDT,BUY,141.97,22
1715247444607,1715247444682437000,BINANCE,SOLUSDT,BUY,141.979,1
1715247444756,1715247444682546000,BINANCE,SOLUSDT,BUY,141.979,16
1715247444757,1715247444682624000,BINANCE,SOLUSDT,BUY,141.98,2
1715247444757,1715247444789903000,BINANCE,SOLUSDT,BUY,141.981,1
1715247444860,1715247444814144000,BINANCE,SOLUSDT,BUY,141.984,1
1715247444889,1715247444930163000,BINANCE,SOLUSDT,SELL,141.983,9
1715247445006,1715247444949497000,BINANCE,SOLUSDT,SELL,141.983,2
1715247445027,1715247444950668000,BINANCE,SOLUSDT,BUY,141.984,13
1715247445027,1715247444950706000,BINANCE,SOLUSDT,BUY,141.985,3
1715247445027,1715247445032257000,BINANCE,SOLUSDT,BUY,141.989,3
1715247445107,1715247445032291000,BINANCE,SOLUSDT,BUY,141.994,1
1715247445107,1715247445135292000,BINANCE,SOLUSDT,BUY,141.996,1
1715247445210,1715247445270384000,BINANCE,SOLUSDT,BUY,141.996,25
1715247445345,1715247445363772000,BINANCE,SOLUSDT,SELL,141.995,2
1715247445437,1715247445363867000,BINANCE,SOLUSDT,BUY,141.987,2
1715247445437,1715247445363985000,BINANCE,SOLUSDT,BUY,141.99,2
1715247445437,1715247445364101000,BINANCE,SOLUSDT,BUY,141.995,15
1715247445437,1715247445364183000,BINANCE,SOLUSDT,BUY,141.996,9
1715247445437,1715247445364300000,BINANCE,SOLUSDT,BUY,141.997,6
1715247445437,1715247445364385000,BINANCE,SOLUSDT,BUY,141.998,6
1715247445437,1715247445364462000,BINANCE,SOLUSDT,BUY,141.999,13
1715247445437,1715247445364538000,BINANCE,SOLUSDT,BUY,142,22
1715247445437,1715247445364622000,BINANCE,SOLUSDT,BUY,142.001,7
1715247445437,1715247445364699000,BINANCE,SOLUSDT,BUY,142.002,3
1715247445437,1715247445364777000,BINANCE,SOLUSDT,BUY,142.003,2
1715247445437,1715247445513993000,BINANCE,SOLUSDT,BUY,142.005,8
1715247445794,1715247445721290000,BINANCE,SOLUSDT,SELL,141.999,35
1715247445794,1715247445870712000,BINANCE,SOLUSDT,SELL,141.995,19
1715247446244,1715247446289288000,BINANCE,SOLUSDT,SELL,141.995,7
1715247446356,1715247446431319000,BINANCE,SOLUSDT,SELL,141.995,21
1715247446515,1715247446441050000,BINANCE,SOLUSDT,SELL,141.995,64
1715247446515,1715247446526918000,BINANCE,SOLUSDT,SELL,141.992,15
1715247446599,1715247446527007000,BINANCE,SOLUSDT,SELL,141.986,1
1715247446599,1715247446527086000,BINANCE,SOLUSDT,SELL,141.983,2
1715247446599,1715247446592595000,BINANCE,SOLUSDT,SELL,141.98,1
1715247446668,1715247446592689000,BINANCE,SOLUSDT,SELL,141.974,1
1715247446668,1715247446742922000,BINANCE,SOLUSDT,SELL,141.971,3
1715247446855,1715247446787803000,BINANCE,SOLUSDT,SELL,141.968,18
1715247446863,1715247446798469000,BINANCE,SOLUSDT,BUY,141.969,1
1715247446874,1715247446798519000,BINANCE,SOLUSDT,SELL,141.968,2
1715247446874,1715247446798556000,BINANCE,SOLUSDT,SELL,141.965,2
1715247446874,1715247446798593000,BINANCE,SOLUSDT,SELL,141.964,15
1715247446874,1715247446798629000,BINANCE,SOLUSDT,SELL,141.962,2
1715247446874,1715247446939215000,BINANCE,SOLUSDT,SELL,141.96,27
1715247447013,1715247446939259000,BINANCE,SOLUSDT,SELL,141.957,21
1715247447013,1715247446939294000,BINANCE,SOLUSDT,SELL,141.956,1
1715247447013,1715247446939327000,BINANCE,SOLUSDT,SELL,141.954,1
1715247447013,1715247446939360000,BINANCE,SOLUSDT,SELL,141.953,1
1715247447013,1715247446939394000,BINANCE,SOLUSDT,SELL,141.95,1
1715247447013,1715247446939431000,BINANCE,SOLUSDT,SELL,141.948,9
1715247447013,1715247446941629000,BINANCE,SOLUSDT,SELL,141.947,1
1715247447013,1715247446941667000,BINANCE,SOLUSDT,SELL,141.946,4
1715247447013,1715247446941701000,BINANCE,SOLUSDT,SELL,141.945,11
1715247447013,1715247446941737000,BINANCE,SOLUSDT,SELL,141.944,11
1715247447013,1715247446941771000,BINANCE,SOLUSDT,SELL,141.943,12
1715247447013,1715247446941804000,BINANCE,SOLUSDT,SELL,141.94,2
1715247447013,1715247446941837000,BINANCE,SOLUSDT,SELL,141.938,1
1715247447013,1715247446941871000,BINANCE,SOLUSDT,SELL,141.937,11
1715247447013,1715247446941905000,BINANCE,SOLUSDT,SELL,141.936,20
1715247447013,1715247446941938000,BINANCE,SOLUSDT,SELL,141.935,4
1715247447013,1715247446941972000,BINANCE,SOLUSDT,SELL,141.933,6
1715247447013,1715247446942005000,BINANCE,SOLUSDT,SELL,141.932,2
1715247447013,1715247447046271000,BINANCE,SOLUSDT,SELL,141.931,9
1715247447118,1715247447046299000,BINANCE,SOLUSDT,BUY,141.945,26
1715247447118,1715247447046327000,BINANCE,SOLUSDT,BUY,141.948,16
1715247447118,1715247447046355000,BINANCE,SOLUSDT,BUY,141.954,3
1715247447118,1715247447046382000,BINANCE,SOLUSDT,BUY,141.955,3
1715247447118,1715247447046410000,BINANCE,SOLUSDT,BUY,141.956,21
1715247447118,1715247447084654000,BINANCE,SOLUSDT,BUY,141.957,2
1715247447159,1715247447158016000,BINANCE,SOLUSDT,BUY,141.951,12
1715247447232,1715247447307758000,BINANCE,SOLUSDT,SELL,141.946,10
1715247447872,1715247447795931000,BINANCE,SOLUSDT,BUY,141.95,16
1715247447873,1715247447946369000,BINANCE,SOLUSDT,BUY,141.961,1
1715247448064,1715247448140582000,BINANCE,SOLUSDT,SELL,141.967,5
1715247448261,1715247448263738000,BINANCE,SOLUSDT,BUY,141.968,2
1715247448337,1715247448263761000,BINANCE,SOLUSDT,SELL,141.967,24
1715247448337,1715247448367527000,BINANCE,SOLUSDT,SELL,141.961,2
1715247448441,1715247448422341000,BINANCE,SOLUSDT,SELL,141.96,1
1715247448497,1715247448422367000,BINANCE,SOLUSDT,SELL,141.961,50
1715247448497,1715247448435717000,BINANCE,SOLUSDT,SELL,141.96,74
1715247448511,1715247448444719000,BINANCE,SOLUSDT,BUY,141.951,3
1715247448519,1715247448444749000,BINANCE,SOLUSDT,SELL,141.95,1
1715247448519,1715247448444777000,BINANCE,SOLUSDT,SELL,141.949,6
1715247448519,1715247448467967000,BINANCE,SOLUSDT,SELL,141.947,2
1715247448543,1715247448577320000,BINANCE,SOLUSDT,SELL,141.946,47
1715247448652,1715247448649632000,BINANCE,SOLUSDT,SELL,141.946,49
1715247448725,1715247448649666000,BINANCE,SOLUSDT,SELL,141.944,2
1715247448725,1715247448649694000,BINANCE,SOLUSDT,SELL,141.935,4
1715247448725,1715247448649722000,BINANCE,SOLUSDT,SELL,141.934,7
1715247448725,1715247448683143000,BINANCE,SOLUSDT,SELL,141.932,3
1715247448757,1715247448776608000,BINANCE,SOLUSDT,BUY,141.932,1
1715247448852,1715247448792903000,BINANCE,SOLUSDT,SELL,141.931,1
1715247448868,1715247448857890000,BINANCE,SOLUSDT,BUY,141.932,10
1715247448934,1715247448857940000,BINANCE,SOLUSDT,SELL,141.931,1
1715247448934,1715247448863158000,BINANCE,SOLUSDT,SELL,141.93,1
1715247448935,1715247448863196000,BINANCE,SOLUSDT,SELL,141.927,1
1715247448935,1715247448869212000,BINANCE,SOLUSDT,SELL,141.924,1
1715247448944,1715247448869267000,BINANCE,SOLUSDT,SELL,141.922,1
1715247448944,1715247448869345000,BINANCE,SOLUSDT,SELL,141.92,7
1715247448944,1715247448870579000,BINANCE,SOLUSDT,SELL,141.918,1
1715247448945,1715247448870627000,BINANCE,SOLUSDT,SELL,141.916,5
1715247448945,1715247448915174000,BINANCE,SOLUSDT,SELL,141.915,1
1715247448989,1715247449033546000,BINANCE,SOLUSDT,SELL,141.911,3
1715247449109,1715247449037077000,BINANCE,SOLUSDT,SELL,141.911,34
1715247449113,1715247449038308000,BINANCE,SOLUSDT,SELL,141.906,6
1715247449114,1715247449094199000,BINANCE,SOLUSDT,SELL,141.903,4
1715247449170,1715247449244849000,BINANCE,SOLUSDT,SELL,141.9,3
1715247449467,1715247449409757000,BINANCE,SOLUSDT,BUY,141.901,81
1715247449485,1715247449460956000,BINANCE,SOLUSDT,BUY,141.908,31
1715247449536,1715247449460984000,BINANCE,SOLUSDT,BUY,141.912,10
1715247449536,1715247449460999000,BINANCE,SOLUSDT,BUY,141.914,11
1715247449536,1715247449461014000,BINANCE,SOLUSDT,BUY,141.915,4
1715247449536,1715247449461029000,BINANCE,SOLUSDT,BUY,141.92,1
1715247449536,1715247449461043000,BINANCE,SOLUSDT,BUY,141.921,1
1715247449536,1715247449461058000,BINANCE,SOLUSDT,BUY,141.922,10
1715247449536,1715247449610113000,BINANCE,SOLUSDT,BUY,141.924,2
1715247449742,1715247449816409000,BINANCE,SOLUSDT,SELL,141.92,11
1715247449963,1715247449933313000,BINANCE,SOLUSDT,SELL,141.921,4
1715247450009,1715247449934980000,BINANCE,SOLUSDT,BUY,141.922,39
1715247450013,1715247449935029000,BINANCE,SOLUSDT,BUY,141.93,12
1715247450013,1715247449935102000,BINANCE,SOLUSDT,BUY,141.932,2
1715247450013,1715247449936196000,BINANCE,SOLUSDT,BUY,141.936,3
1715247450013,1715247449936267000,BINANCE,SOLUSDT,BUY,141.937,3
1715247450013,1715247449936313000,BINANCE,SOLUSDT,BUY,141.938,23
1715247450013,1715247449936358000,BINANCE,SOLUSDT,BUY,141.939,11
1715247450013,1715247450086820000,BINANCE,SOLUSDT,BUY,141.94,29
1715247451190,1715247451263899000,BINANCE,SOLUSDT,BUY,141.937,6
1715247451338,1715247451406997000,BINANCE,SOLUSDT,SELL,141.936,2
1715247451483,1715247451408285000,BINANCE,SOLUSDT,SELL,141.936,3
1715247451485,1715247451560336000,BINANCE,SOLUSDT,SELL,141.933,10
1715247451922,1715247451996741000,BINANCE,SOLUSDT,BUY,141.928,18
1715247452565,1715247452639350000,BINANCE,SOLUSDT,BUY,141.928,22
1715247452872,1715247452846606000,BINANCE,SOLUSDT,SELL,141.929,169
1715247452921,1715247452846707000,BINANCE,SOLUSDT,SELL,141.928,19
1715247452921,1715247452846786000,BINANCE,SOLUSDT,SELL,141.927,35
1715247452921,1715247452846865000,BINANCE,SOLUSDT,SELL,141.926,4
1715247452921,1715247452846943000,BINANCE,SOLUSDT,SELL,141.925,3
1715247452921,1715247452847022000,BINANCE,SOLUSDT,SELL,141.924,19
1715247452921,1715247452847100000,BINANCE,SOLUSDT,SELL,141.922,4
1715247452921,1715247452847177000,BINANCE,SOLUSDT,SELL,141.921,8
1715247452921,1715247452874025000,BINANCE,SOLUSDT,SELL,141.92,4
1715247452949,1715247452914776000,BINANCE,SOLUSDT,SELL,141.919,15
1715247452991,1715247453066187000,BINANCE,SOLUSDT,BUY,141.92,65
1715247453147,1715247453150125000,BINANCE,SOLUSDT,SELL,141.929,6
1715247453227,1715247453154042000,BINANCE,SOLUSDT,BUY,141.93,13
1715247453230,1715247453154865000,BINANCE,SOLUSDT,BUY,141.936,110
1715247453230,1715247453159378000,BINANCE,SOLUSDT,BUY,141.937,412
1715247453235,1715247453159438000,BINANCE,SOLUSDT,BUY,141.942,15
1715247453235,1715247453236985000,BINANCE,SOLUSDT,BUY,141.943,1
1715247453312,1715247453237036000,BINANCE,SOLUSDT,BUY,141.945,16
1715247453312,1715247453324263000,BINANCE,SOLUSDT,BUY,141.946,3
1715247453399,1715247453324290000,BINANCE,SOLUSDT,BUY,141.947,35
1715247453399,1715247453324313000,BINANCE,SOLUSDT,BUY,141.949,1
1715247453399,1715247453358646000,BINANCE,SOLUSDT,BUY,141.951,2
1715247453434,1715247453506636000,BINANCE,SOLUSDT,SELL,141.954,3
1715247453651,1715247453598223000,BINANCE,SOLUSDT,BUY,141.955,23
1715247453674,1715247453619404000,BINANCE,SOLUSDT,BUY,141.957,4
1715247453693,1715247453632410000,BINANCE,SOLUSDT,SELL,141.959,3
1715247453707,1715247453766814000,BINANCE,SOLUSDT,BUY,141.96,18
1715247453843,1715247453917806000,BINANCE,SOLUSDT,BUY,141.965,17
1715247454046,1715247454122585000,BINANCE,SOLUSDT,SELL,141.964,3
1715247454201,1715247454125935000,BINANCE,SOLUSDT,SELL,141.964,36
1715247454201,1715247454126036000,BINANCE,SOLUSDT,SELL,141.963,21
1715247454201,1715247454126115000,BINANCE,SOLUSDT,SELL,141.962,24
1715247454201,1715247454126220000,BINANCE,SOLUSDT,SELL,141.961,3
1715247454201,1715247454126300000,BINANCE,SOLUSDT,SELL,141.96,16
1715247454202,1715247454278493000,BINANCE,SOLUSDT,BUY,141.961,1
1715247454361,1715247454291135000,BINANCE,SOLUSDT,SELL,141.96,18
1715247454361,1715247454291187000,BINANCE,SOLUSDT,SELL,141.959,1
1715247454361,1715247454291224000,BINANCE,SOLUSDT,SELL,141.956,1
1715247454361,1715247454291261000,BINANCE,SOLUSDT,SELL,141.955,1
1715247454361,1715247454291297000,BINANCE,SOLUSDT,SELL,141.954,5
1715247454362,1715247454291334000,BINANCE,SOLUSDT,SELL,141.951,1
1715247454362,1715247454291370000,BINANCE,SOLUSDT,SELL,141.947,1
1715247454362,1715247454291408000,BINANCE,SOLUSDT,SELL,141.946,4
1715247454362,1715247454436654000,BINANCE,SOLUSDT,SELL,141.945,3
1715247454542,1715247454466356000,BINANCE,SOLUSDT,BUY,141.946,10
1715247454542,1715247454466402000,BINANCE,SOLUSDT,BUY,141.949,18
1715247454542,1715247454466436000,BINANCE,SOLUSDT,BUY,141.95,15
1715247454543,1715247454616927000,BINANCE,SOLUSDT,BUY,141.951,15
1715247455014,1715247454937912000,BINANCE,SOLUSDT,SELL,141.945,14
1715247455014,1715247454937997000,BINANCE,SOLUSDT,SELL,141.942,44
1715247455014,1715247455034353000,BINANCE,SOLUSDT,SELL,141.94,94
1715247455109,1715247455183668000,BINANCE,SOLUSDT,SELL,141.935,2
1715247455409,1715247455484891000,BINANCE,SOLUSDT,BUY,141.926,2
1715247455800,1715247455734391000,BINANCE,SOLUSDT,SELL,141.925,1
1715247455811,1715247455803311000,BINANCE,SOLUSDT,BUY,141.926,2
1715247455880,1715247455838170000,BINANCE,SOLUSDT,SELL,141.925,9
1715247455913,1715247455987888000,BINANCE,SOLUSDT,SELL,141.923,1
1715247456618,1715247456543249000,BINANCE,SOLUSDT,BUY,141.926,3
1715247456618,1715247456543329000,BINANCE,SOLUSDT,BUY,141.931,1
1715247456618,1715247456543388000,BINANCE,SOLUSDT,BUY,141.935,1
1715247456618,1715247456693141000,BINANCE,SOLUSDT,BUY,141.938,2
1715247457013,1715247456937356000,BINANCE,SOLUSDT,SELL,141.938,61
1715247457013,1715247456937419000,BINANCE,SOLUSDT,SELL,141.937,12
1715247457013,1715247456937467000,BINANCE,SOLUSDT,SELL,141.936,22
1715247457013,1715247456937513000,BINANCE,SOLUSDT,SELL,141.934,4
1715247457013,1715247457087863000,BINANCE,SOLUSDT,SELL,141.933,2
1715247457404,1715247457458992000,BINANCE,SOLUSDT,SELL,141.938,20
1715247457533,1715247457609920000,BINANCE,SOLUSDT,SELL,141.938,19
1715247457841,1715247457916103000,BINANCE,SOLUSDT,SELL,141.938,3
1715247458039,1715247458095478000,BINANCE,SOLUSDT,BUY,141.939,25
1715247458173,1715247458203872000,BINANCE,SOLUSDT,BUY,141.932,1
1715247458281,1715247458205458000,BINANCE,SOLUSDT,SELL,141.931,21
1715247458281,1715247458205476000,BINANCE,SOLUSDT,SELL,141.928,16
1715247458281,1715247458205498000,BINANCE,SOLUSDT,SELL,141.927,1
1715247458281,1715247458205514000,BINANCE,SOLUSDT,SELL,141.926,3
1715247458281,1715247458205530000,BINANCE,SOLUSDT,SELL,141.925,11
1715247458281,1715247458205548000,BINANCE,SOLUSDT,SELL,141.923,11
1715247458281,1715247458205565000,BINANCE,SOLUSDT,SELL,141.922,5
1715247458281,1715247458355892000,BINANCE,SOLUSDT,SELL,141.921,32
1715247458491,1715247458416017000,BINANCE,SOLUSDT,BUY,141.922,10
1715247458491,1715247458416083000,BINANCE,SOLUSDT,BUY,141.924,4
1715247458491,1715247458416135000,BINANCE,SOLUSDT,BUY,141.929,1
1715247458491,1715247458416179000,BINANCE,SOLUSDT,BUY,141.93,1
1715247458491,1715247458416226000,BINANCE,SOLUSDT,BUY,141.931,26
1715247458492,1715247458567129000,BINANCE,SOLUSDT,BUY,141.932,15
1715247458701,1715247458762334000,BINANCE,SOLUSDT,BUY,141.937,3
1715247458835,1715247458762452000,BINANCE,SOLUSDT,BUY,141.937,62
1715247458835,1715247458762513000,BINANCE,SOLUSDT,BUY,141.938,4
1715247458835,1715247458762596000,BINANCE,SOLUSDT,BUY,141.939,7
1715247458835,1715247458762778000,BINANCE,SOLUSDT,BUY,141.94,3
1715247458835,1715247458762860000,BINANCE,SOLUSDT,BUY,141.941,16
1715247458835,1715247458762966000,BINANCE,SOLUSDT,BUY,141.942,19
1715247458835,1715247458763114000,BINANCE,SOLUSDT,BUY,141.943,15
1715247458835,1715247458763300000,BINANCE,SOLUSDT,BUY,141.944,3
1715247458835,1715247458763358000,BINANCE,SOLUSDT,BUY,141.945,3
1715247458835,1715247458763414000,BINANCE,SOLUSDT,BUY,141.946,3
1715247458835,1715247458763471000,BINANCE,SOLUSDT,BUY,141.947,1
1715247458835,1715247458763790000,BINANCE,SOLUSDT,BUY,141.948,20
1715247458835,1715247458763916000,BINANCE,SOLUSDT,BUY,141.949,4
1715247458835,1715247458764025000,BINANCE,SOLUSDT,BUY,141.95,20
1715247458835,1715247458764075000,BINANCE,SOLUSDT,BUY,141.952,9
1715247458835,1715247458764120000,BINANCE,SOLUSDT,BUY,141.953,49
1715247458835,1715247458764166000,BINANCE,SOLUSDT,BUY,141.954,46
1715247458835,1715247458764210000,BINANCE,SOLUSDT,BUY,141.955,173
1715247458835,1715247458764254000,BINANCE,SOLUSDT,BUY,141.957,48
1715247458835,1715247458764298000,BINANCE,SOLUSDT,BUY,141.958,55
1715247458835,1715247458764343000,BINANCE,SOLUSDT,BUY,141.959,42
1715247458835,1715247458764387000,BINANCE,SOLUSDT,BUY,141.96,18
1715247458835,1715247458764432000,BINANCE,SOLUSDT,BUY,141.961,64
1715247458835,1715247458777929000,BINANCE,SOLUSDT,BUY,141.962,13
1715247458854,1715247458929336000,BINANCE,SOLUSDT,SELL,141.961,2
1715247459227,1715247459197606000,BINANCE,SOLUSDT,SELL,141.958,14
1715247459274,1715247459197636000,BINANCE,SOLUSDT,SELL,141.944,1
1715247459274,1715247459347888000,BINANCE,SOLUSDT,SELL,141.939,2
1715247459482,1715247459556797000,BINANCE,SOLUSDT,BUY,141.937,16
1715247459734,1715247459659161000,BINANCE,SOLUSDT,SELL,141.945,60
1715247459734,1715247459659192000,BINANCE,SOLUSDT,SELL,141.944,49
1715247459734,1715247459659216000,BINANCE,SOLUSDT,SELL,141.943,53
1715247459734,1715247459661800000,BINANCE,SOLUSDT,SELL,141.942,44
1715247459734,1715247459661827000,BINANCE,SOLUSDT,SELL,141.941,3
1715247459734,1715247459661850000,BINANCE,SOLUSDT,SELL,141.94,19
1715247459734,1715247459661874000,BINANCE,SOLUSDT,SELL,141.939,1
1715247459734,1715247459661898000,BINANCE,SOLUSDT,SELL,141.938,44
1715247459734,1715247459661921000,BINANCE,SOLUSDT,SELL,141.937,43
1715247459734,1715247459661945000,BINANCE,SOLUSDT,SELL,141.936,61
1715247459734,1715247459661968000,BINANCE,SOLUSDT,SELL,141.935,1
1715247459734,1715247459661991000,BINANCE,SOLUSDT,SELL,141.934,4
1715247459734,1715247459662014000,BINANCE,SOLUSDT,SELL,141.933,3
1715247459734,1715247459662037000,BINANCE,SOLUSDT,SELL,141.932,19
1715247459734,1715247459662061000,BINANCE,SOLUSDT,SELL,141.93,12
1715247459734,1715247459662084000,BINANCE,SOLUSDT,SELL,141.929,25
1715247459734,1715247459662108000,BINANCE,SOLUSDT,SELL,141.928,18
1715247459734,1715247459662131000,BINANCE,SOLUSDT,SELL,141.926,3
1715247459734,1715247459662155000,BINANCE,SOLUSDT,SELL,141.925,3
1715247459734,1715247459662178000,BINANCE,SOLUSDT,SELL,141.924,19
1715247459734,1715247459662205000,BINANCE,SOLUSDT,SELL,141.923,16
1715247459734,1715247459662228000,BINANCE,SOLUSDT,SELL,141.922,36
1715247459734,1715247459662252000,BINANCE,SOLUSDT,SELL,141.921,23
1715247459734,1715247459662275000,BINANCE,SOLUSDT,SELL,141.92,98
1715247459734,1715247459662299000,BINANCE,SOLUSDT,SELL,141.919,1
1715247459734,1715247459662322000,BINANCE,SOLUSDT,SELL,141.918,3
1715247459734,1715247459662343000,BINANCE,SOLUSDT,SELL,141.917,7
1715247459734,1715247459662363000,BINANCE,SOLUSDT,SELL,141.915,38
1715247459734,1715247459662392000,BINANCE,SOLUSDT,SELL,141.914,1
1715247459734,1715247459662412000,BINANCE,SOLUSDT,SELL,141.913,2
1715247459734,1715247459662433000,BINANCE,SOLUSDT,SELL,141.912,9
1715247459734,1715247459662453000,BINANCE,SOLUSDT,SELL,141.911,7
1715247459734,1715247459662475000,BINANCE,SOLUSDT,SELL,141.91,27
1715247459734,1715247459811632000,BINANCE,SOLUSDT,SELL,141.909,79
1715247460114,1715247460128606000,BINANCE,SOLUSDT,SELL,141.922,17
1715247460202,1715247460128809000,BINANCE,SOLUSDT,BUY,141.923,49
1715247460203,1715247460129321000,BINANCE,SOLUSDT,BUY,141.929,1
1715247460204,1715247460129399000,BINANCE,SOLUSDT,BUY,141.936,18
1715247460204,1715247460131269000,BINANCE,SOLUSDT,BUY,141.937,15
1715247460206,1715247460157199000,BINANCE,SOLUSDT,BUY,141.94,11
1715247460234,1715247460236763000,BINANCE,SOLUSDT,SELL,141.943,11
1715247460309,1715247460275528000,BINANCE,SOLUSDT,SELL,141.945,12
1715247460349,1715247460284647000,BINANCE,SOLUSDT,BUY,141.932,4
1715247460361,1715247460434279000,BINANCE,SOLUSDT,SELL,141.929,3
1715247460510,1715247460531245000,BINANCE,SOLUSDT,BUY,141.915,15
1715247460607,1715247460581711000,BINANCE,SOLUSDT,BUY,141.919,2
1715247460658,1715247460731358000,BINANCE,SOLUSDT,SELL,141.926,2
1715247460826,1715247460900356000,BINANCE,SOLUSDT,BUY,141.927,2
1715247461142,1715247461127829000,BINANCE,SOLUSDT,SELL,141.926,4
1715247461203,1715247461279810000,BINANCE,SOLUSDT,BUY,141.927,15
1715247461474,1715247461406578000,BINANCE,SOLUSDT,SELL,141.943,23
1715247461480,1715247461406602000,BINANCE,SOLUSDT,SELL,141.939,1
1715247461480,1715247461556467000,BINANCE,SOLUSDT,SELL,141.937,9
1715247461900,1715247461852318000,BINANCE,SOLUSDT,BUY,141.927,7
1715247461929,1715247461938681000,BINANCE,SOLUSDT,SELL,141.926,86
1715247462013,1715247461938702000,BINANCE,SOLUSDT,SELL,141.92,3
1715247462013,1715247461938714000,BINANCE,SOLUSDT,SELL,141.919,1
1715247462013,1715247461938725000,BINANCE,SOLUSDT,SELL,141.918,14
1715247462013,1715247462087634000,BINANCE,SOLUSDT,SELL,141.917,10
1715247462184,1715247462199850000,BINANCE,SOLUSDT,BUY,141.918,1
1715247462276,1715247462263996000,BINANCE,SOLUSDT,BUY,141.927,10
1715247462339,1715247462413497000,BINANCE,SOLUSDT,SELL,141.937,7
1715247462565,1715247462640388000,BINANCE,SOLUSDT,BUY,141.938,27
1715247462759,1715247462684016000,BINANCE,SOLUSDT,BUY,141.938,61
1715247462760,1715247462684056000,BINANCE,SOLUSDT,BUY,141.939,1
1715247462760,1715247462834779000,BINANCE,SOLUSDT,BUY,141.94,14
1715247463010,1715247462991172000,BINANCE,SOLUSDT,SELL,141.939,14
1715247463064,1715247463140338000,BINANCE,SOLUSDT,SELL,141.937,35
1715247463260,1715247463345739000,BINANCE,SOLUSDT,SELL,141.924,2
1715247463622,1715247463694523000,BINANCE,SOLUSDT,SELL,141.924,2
1715247464037,1715247464054425000,BINANCE,SOLUSDT,SELL,141.924,17
1715247464130,1715247464204583000,BINANCE,SOLUSDT,BUY,141.925,1
1715247464354,1715247464444085000,BINANCE,SOLUSDT,SELL,141.924,9
1715247464631,1715247464706632000,BINANCE,SOLUSDT,SELL,141.924,25
1715247464832,1715247464755511000,BINANCE,SOLUSDT,BUY,141.925,1
1715247464832,1715247464905892000,BINANCE,SOLUSDT,BUY,141.93,1
1715247465108,1715247465184217000,BINANCE,SOLUSDT,BUY,141.935,14
1715247465369,1715247465292920000,BINANCE,SOLUSDT,BUY,141.935,31
1715247465369,1715247465292998000,BINANCE,SOLUSDT,BUY,141.936,18
1715247465369,1715247465373109000,BINANCE,SOLUSDT,BUY,141.937,9
1715247465448,1715247465429824000,BINANCE,SOLUSDT,SELL,141.934,7
1715247465505,1715247465579589000,BINANCE,SOLUSDT,BUY,141.935,10
1715247466015,1715247465939228000,BINANCE,SOLUSDT,SELL,141.934,34
1715247466015,1715247465939332000,BINANCE,SOLUSDT,SELL,141.933,28
1715247466015,1715247465939410000,BINANCE,SOLUSDT,SELL,141.931,26
1715247466015,1715247466062513000,BINANCE,SOLUSDT,SELL,141.93,7
1715247466137,1715247466212774000,BINANCE,SOLUSDT,BUY,141.931,6
1715247466356,1715247466367443000,BINANCE,SOLUSDT,BUY,141.931,1
1715247466442,1715247466367523000,BINANCE,SOLUSDT,SELL,141.93,1
1715247466442,1715247466370377000,BINANCE,SOLUSDT,SELL,141.925,22
1715247466447,1715247466371940000,BINANCE,SOLUSDT,SELL,141.924,49
1715247466448,1715247466372000000,BINANCE,SOLUSDT,SELL,141.921,11
1715247466448,1715247466372044000,BINANCE,SOLUSDT,SELL,141.919,1
1715247466449,1715247466372087000,BINANCE,SOLUSDT,SELL,141.917,12
1715247466449,1715247466372130000,BINANCE,SOLUSDT,SELL,141.916,3
1715247466449,1715247466373119000,BINANCE,SOLUSDT,SELL,141.915,8
1715247466449,1715247466373181000,BINANCE,SOLUSDT,SELL,141.914,11
1715247466449,1715247466373224000,BINANCE,SOLUSDT,SELL,141.912,3
1715247466449,1715247466373268000,BINANCE,SOLUSDT,SELL,141.91,5
1715247466449,1715247466373311000,BINANCE,SOLUSDT,SELL,141.909,7
1715247466449,1715247466373354000,BINANCE,SOLUSDT,SELL,141.908,37
1715247466449,1715247466373420000,BINANCE,SOLUSDT,SELL,141.907,1
1715247466449,1715247466398510000,BINANCE,SOLUSDT,SELL,141.906,3
1715247466475,1715247466414976000,BINANCE,SOLUSDT,BUY,141.902,14
1715247466490,1715247466506528000,BINANCE,SOLUSDT,SELL,141.906,18
1715247466583,1715247466615014000,BINANCE,SOLUSDT,BUY,141.907,6
1715247466689,1715247466764768000,BINANCE,SOLUSDT,SELL,141.915,25
1715247467063,1715247467137538000,BINANCE,SOLUSDT,BUY,141.916,3
1715247467373,1715247467449063000,BINANCE,SOLUSDT,BUY,141.916,24
1715247467733,1715247467805251000,BINANCE,SOLUSDT,SELL,141.915,49
1715247467883,1715247467891857000,BINANCE,SOLUSDT,SELL,141.915,1
1715247467968,1715247468043492000,BINANCE,SOLUSDT,SELL,141.906,1
1715247468362,1715247468369715000,BINANCE,SOLUSDT,BUY,141.907,5
1715247468445,1715247468519319000,BINANCE,SOLUSDT,SELL,141.906,2
1715247468660,1715247468735460000,BINANCE,SOLUSDT,BUY,141.907,3
1715247468937,1715247469010710000,BINANCE,SOLUSDT,BUY,141.907,1
1715247469117,1715247469096384000,BINANCE,SOLUSDT,SELL,141.906,9
1715247469171,1715247469096412000,BINANCE,SOLUSDT,BUY,141.907,7
1715247469172,1715247469097108000,BINANCE,SOLUSDT,BUY,141.913,43
1715247469172,1715247469197228000,BINANCE,SOLUSDT,BUY,141.916,1
1715247469274,1715247469347819000,BINANCE,SOLUSDT,SELL,141.924,1
1715247469870,1715247469943837000,BINANCE,SOLUSDT,SELL,141.924,2
1715247470178,1715247470121668000,BINANCE,SOLUSDT,SELL,141.924,43
1715247470195,1715247470264294000,BINANCE,SOLUSDT,BUY,141.925,27
1715247470340,1715247470353986000,BINANCE,SOLUSDT,SELL,141.924,3
1715247470431,1715247470508662000,BINANCE,SOLUSDT,BUY,141.925,1
1715247470840,1715247470774425000,BINANCE,SOLUSDT,BUY,141.925,20
1715247470840,1715247470774446000,BINANCE,SOLUSDT,BUY,141.928,4
1715247470840,1715247470837067000,BINANCE,SOLUSDT,BUY,141.929,5
1715247470913,1715247470837085000,BINANCE,SOLUSDT,BUY,141.931,1
1715247470913,1715247470837100000,BINANCE,SOLUSDT,BUY,141.934,1
1715247470913,1715247470854467000,BINANCE,SOLUSDT,BUY,141.935,4
1715247470930,1715247470864016000,BINANCE,SOLUSDT,BUY,141.936,70
1715247470941,1715247471014501000,BINANCE,SOLUSDT,BUY,141.94,1
1715247471293,1715247471265625000,BINANCE,SOLUSDT,SELL,141.94,66
1715247471340,1715247471265655000,BINANCE,SOLUSDT,SELL,141.938,21
1715247471340,1715247471265679000,BINANCE,SOLUSDT,SELL,141.937,1
1715247471340,1715247471416512000,BINANCE,SOLUSDT,SELL,141.936,23
1715247471715,1715247471641235000,BINANCE,SOLUSDT,BUY,141.941,15
1715247471715,1715247471641256000,BINANCE,SOLUSDT,BUY,141.943,1
1715247471715,1715247471641273000,BINANCE,SOLUSDT,BUY,141.944,18
1715247471715,1715247471641289000,BINANCE,SOLUSDT,BUY,141.945,3
1715247471715,1715247471641318000,BINANCE,SOLUSDT,BUY,141.946,5
1715247471715,1715247471641337000,BINANCE,SOLUSDT,BUY,141.948,3
1715247471715,1715247471694215000,BINANCE,SOLUSDT,BUY,141.949,6
1715247471769,1715247471843868000,BINANCE,SOLUSDT,SELL,141.948,1
1715247471969,1715247471894817000,BINANCE,SOLUSDT,SELL,141.936,1
1715247471970,1715247471894852000,BINANCE,SOLUSDT,SELL,141.934,1
1715247471970,1715247472046326000,BINANCE,SOLUSDT,SELL,141.931,7
1715247472386,1715247472310019000,BINANCE,SOLUSDT,BUY,141.931,1
1715247472386,1715247472310058000,BINANCE,SOLUSDT,BUY,141.934,1
1715247472386,1715247472460496000,BINANCE,SOLUSDT,BUY,141.936,13
1715247472800,1715247472878753000,BINANCE,SOLUSDT,BUY,141.94,2
1715247473202,1715247473127510000,BINANCE,SOLUSDT,SELL,141.945,37
1715247473202,1715247473127571000,BINANCE,SOLUSDT,SELL,141.944,9
1715247473202,1715247473127608000,BINANCE,SOLUSDT,SELL,141.936,3
1715247473202,1715247473127646000,BINANCE,SOLUSDT,SELL,141.935,1
1715247473202,1715247473127683000,BINANCE,SOLUSDT,SELL,141.933,1
1715247473205,1715247473132324000,BINANCE,SOLUSDT,SELL,141.93,90
1715247473209,1715247473207932000,BINANCE,SOLUSDT,SELL,141.924,3
1715247473282,1715247473244022000,BINANCE,SOLUSDT,BUY,141.925,158
1715247473317,1715247473244129000,BINANCE,SOLUSDT,BUY,141.927,1
1715247473317,1715247473244207000,BINANCE,SOLUSDT,BUY,141.932,22
1715247473317,1715247473244283000,BINANCE,SOLUSDT,BUY,141.933,24
1715247473317,1715247473244359000,BINANCE,SOLUSDT,BUY,141.934,3
1715247473317,1715247473244435000,BINANCE,SOLUSDT,BUY,141.935,3
1715247473317,1715247473244512000,BINANCE,SOLUSDT,BUY,141.936,3
1715247473317,1715247473244591000,BINANCE,SOLUSDT,BUY,141.937,3
1715247473317,1715247473244658000,BINANCE,SOLUSDT,BUY,141.938,4
1715247473317,1715247473244715000,BINANCE,SOLUSDT,BUY,141.939,46
1715247473317,1715247473244780000,BINANCE,SOLUSDT,BUY,141.94,4
1715247473317,1715247473244848000,BINANCE,SOLUSDT,BUY,141.941,3
1715247473317,1715247473244913000,BINANCE,SOLUSDT,BUY,141.942,18
1715247473317,1715247473244970000,BINANCE,SOLUSDT,BUY,141.943,33
1715247473317,1715247473245043000,BINANCE,SOLUSDT,BUY,141.944,19
1715247473317,1715247473245114000,BINANCE,SOLUSDT,BUY,141.945,15
1715247473317,1715247473245172000,BINANCE,SOLUSDT,BUY,141.946,37
1715247473317,1715247473245228000,BINANCE,SOLUSDT,BUY,141.947,13
1715247473317,1715247473245284000,BINANCE,SOLUSDT,BUY,141.948,18
1715247473317,1715247473245341000,BINANCE,SOLUSDT,BUY,141.949,77
1715247473317,1715247473245424000,BINANCE,SOLUSDT,BUY,141.95,23
1715247473317,1715247473245494000,BINANCE,SOLUSDT,BUY,141.952,70
1715247473317,1715247473245566000,BINANCE,SOLUSDT,BUY,141.953,2
1715247473317,1715247473245642000,BINANCE,SOLUSDT,BUY,141.954,4
1715247473317,1715247473245710000,BINANCE,SOLUSDT,BUY,141.955,5
1715247473317,1715247473245767000,BINANCE,SOLUSDT,BUY,141.956,7
1715247473317,1715247473245825000,BINANCE,SOLUSDT,BUY,141.957,5
1715247473317,1715247473245883000,BINANCE,SOLUSDT,BUY,141.958,30
1715247473317,1715247473245959000,BINANCE,SOLUSDT,BUY,141.959,42
1715247473317,1715247473246016000,BINANCE,SOLUSDT,BUY,141.96,34
1715247473317,1715247473246074000,BINANCE,SOLUSDT,BUY,141.962,55
1715247473317,1715247473246142000,BINANCE,SOLUSDT,BUY,141.963,2
1715247473317,1715247473246305000,BINANCE,SOLUSDT,BUY,141.964,42
1715247473317,1715247473246364000,BINANCE,SOLUSDT,BUY,141.965,9
1715247473317,1715247473252392000,BINANCE,SOLUSDT,BUY,141.966,12
1715247473328,1715247473401634000,BINANCE,SOLUSDT,SELL,141.966,27
1715247473567,1715247473565469000,BINANCE,SOLUSDT,SELL,141.966,1
1715247473640,1715247473705753000,BINANCE,SOLUSDT,BUY,141.967,1
1715247473782,1715247473705802000,BINANCE,SOLUSDT,SELL,141.966,3
1715247473783,1715247473858821000,BINANCE,SOLUSDT,BUY,141.967,42
1715247474241,1715247474269696000,BINANCE,SOLUSDT,SELL,141.967,1
1715247474343,1715247474308732000,BINANCE,SOLUSDT,SELL,141.967,1
1715247474383,1715247474457739000,BINANCE,SOLUSDT,BUY,141.968,14
1715247474533,1715247474469948000,BINANCE,SOLUSDT,SELL,141.967,35
1715247474545,1715247474486361000,BINANCE,SOLUSDT,BUY,141.968,3
1715247474555,1715247474507212000,BINANCE,SOLUSDT,BUY,141.97,7
1715247474582,1715247474507271000,BINANCE,SOLUSDT,BUY,141.972,7
1715247474582,1715247474507308000,BINANCE,SOLUSDT,BUY,141.974,1
1715247474583,1715247474507345000,BINANCE,SOLUSDT,BUY,141.976,2
1715247474583,1715247474507382000,BINANCE,SOLUSDT,BUY,141.977,36
1715247474583,1715247474507419000,BINANCE,SOLUSDT,BUY,141.978,2
1715247474583,1715247474508155000,BINANCE,SOLUSDT,BUY,141.979,15
1715247474583,1715247474508194000,BINANCE,SOLUSDT,BUY,141.98,16
1715247474583,1715247474658762000,BINANCE,SOLUSDT,BUY,141.981,61
1715247475014,1715247474939519000,BINANCE,SOLUSDT,SELL,141.982,24
1715247475014,1715247474939568000,BINANCE,SOLUSDT,SELL,141.979,1
1715247475014,1715247474939611000,BINANCE,SOLUSDT,SELL,141.978,1
1715247475014,1715247474939654000,BINANCE,SOLUSDT,SELL,141.975,19
1715247475014,1715247474939698000,BINANCE,SOLUSDT,SELL,141.974,3
1715247475014,1715247474939757000,BINANCE,SOLUSDT,SELL,141.972,3
1715247475014,1715247474939812000,BINANCE,SOLUSDT,SELL,141.971,4
1715247475014,1715247474963310000,BINANCE,SOLUSDT,SELL,141.97,5
1715247475039,1715247475113488000,BINANCE,SOLUSDT,BUY,141.971,78
1715247475281,1715247475271917000,BINANCE,SOLUSDT,SELL,141.978,11
1715247475347,1715247475271958000,BINANCE,SOLUSDT,BUY,141.979,46
1715247475347,1715247475271992000,BINANCE,SOLUSDT,BUY,141.98,3
1715247475347,1715247475272026000,BINANCE,SOLUSDT,BUY,141.982,35
1715247475347,1715247475272060000,BINANCE,SOLUSDT,BUY,141.983,51
1715247475347,1715247475272093000,BINANCE,SOLUSDT,BUY,141.984,3
1715247475347,1715247475272127000,BINANCE,SOLUSDT,BUY,141.985,21
1715247475347,1715247475272160000,BINANCE,SOLUSDT,BUY,141.986,3
1715247475347,1715247475272194000,BINANCE,SOLUSDT,BUY,141.988,21
1715247475347,1715247475272228000,BINANCE,SOLUSDT,BUY,141.989,1
1715247475347,1715247475272280000,BINANCE,SOLUSDT,BUY,141.99,6
1715247475347,1715247475272315000,BINANCE,SOLUSDT,BUY,141.991,1
1715247475347,1715247475272348000,BINANCE,SOLUSDT,BUY,141.992,2
1715247475347,1715247475313826000,BINANCE,SOLUSDT,BUY,141.993,2
1715247475387,1715247475313881000,BINANCE,SOLUSDT,BUY,141.995,12
1715247475387,1715247475313920000,BINANCE,SOLUSDT,BUY,141.996,2
1715247475387,1715247475313957000,BINANCE,SOLUSDT,BUY,141.997,36
1715247475387,1715247475313994000,BINANCE,SOLUSDT,BUY,141.999,94
1715247475387,1715247475464198000,BINANCE,SOLUSDT,BUY,142,73
1715247475556,1715247475481271000,BINANCE,SOLUSDT,BUY,141.999,9
1715247475556,1715247475481369000,BINANCE,SOLUSDT,BUY,142,103
1715247475557,1715247475481449000,BINANCE,SOLUSDT,BUY,142.001,15
1715247475557,1715247475481529000,BINANCE,SOLUSDT,BUY,142.002,42
1715247475557,1715247475495988000,BINANCE,SOLUSDT,BUY,142.003,8
1715247475563,1715247475497463000,BINANCE,SOLUSDT,BUY,142.004,4
1715247475576,1715247475499109000,BINANCE,SOLUSDT,BUY,142.005,1
1715247475576,1715247475499184000,BINANCE,SOLUSDT,BUY,142.007,1
1715247475576,1715247475499242000,BINANCE,SOLUSDT,BUY,142.008,17
1715247475576,1715247475535128000,BINANCE,SOLUSDT,BUY,142.009,4
1715247475611,1715247475536707000,BINANCE,SOLUSDT,BUY,142.01,22
1715247475611,1715247475536771000,BINANCE,SOLUSDT,BUY,142.011,1
1715247475611,1715247475536816000,BINANCE,SOLUSDT,BUY,142.012,2
1715247475611,1715247475536861000,BINANCE,SOLUSDT,BUY,142.013,3
1715247475611,1715247475536906000,BINANCE,SOLUSDT,BUY,142.014,1
1715247475611,1715247475536950000,BINANCE,SOLUSDT,BUY,142.015,16
1715247475611,1715247475536994000,BINANCE,SOLUSDT,BUY,142.016,3
1715247475611,1715247475591277000,BINANCE,SOLUSDT,BUY,142.017,13
1715247475665,1715247475642550000,BINANCE,SOLUSDT,SELL,142.014,23
1715247475718,1715247475642607000,BINANCE,SOLUSDT,SELL,142.005,1
1715247475718,1715247475795106000,BINANCE,SOLUSDT,SELL,142.003,1
1715247476023,1715247475947498000,BINANCE,SOLUSDT,BUY,142,28
1715247476023,1715247476098787000,BINANCE,SOLUSDT,BUY,142.003,10
1715247476387,1715247476460759000,BINANCE,SOLUSDT,SELL,142.002,11
1715247476744,1715247476672306000,BINANCE,SOLUSDT,BUY,142.003,2
1715247476747,1715247476672417000,BINANCE,SOLUSDT,BUY,142.008,3
1715247476747,1715247476765026000,BINANCE,SOLUSDT,BUY,142.013,23
1715247476841,1715247476883625000,BINANCE,SOLUSDT,BUY,142.015,12
1715247476959,1715247476948796000,BINANCE,SOLUSDT,BUY,142.015,27
1715247477025,1715247477005503000,BINANCE,SOLUSDT,SELL,142.014,7
1715247477082,1715247477055536000,BINANCE,SOLUSDT,BUY,142.015,2
1715247477132,1715247477055572000,BINANCE,SOLUSDT,BUY,142.019,9
1715247477132,1715247477055600000,BINANCE,SOLUSDT,BUY,142.02,2
1715247477132,1715247477055627000,BINANCE,SOLUSDT,BUY,142.021,7
1715247477132,1715247477057004000,BINANCE,SOLUSDT,BUY,142.023,1
1715247477133,1715247477060463000,BINANCE,SOLUSDT,BUY,142.026,6
1715247477137,1715247477176586000,BINANCE,SOLUSDT,BUY,142.027,13
1715247477251,1715247477327672000,BINANCE,SOLUSDT,SELL,142.028,4
1715247477443,1715247477446018000,BINANCE,SOLUSDT,BUY,142.029,60
1715247477522,1715247477587265000,BINANCE,SOLUSDT,SELL,142.029,10
1715247477664,1715247477627610000,BINANCE,SOLUSDT,SELL,142.029,34
1715247477703,1715247477741729000,BINANCE,SOLUSDT,BUY,142.03,25
1715247477819,1715247477855375000,BINANCE,SOLUSDT,BUY,142.03,280
1715247477930,1715247477919418000,BINANCE,SOLUSDT,BUY,142.03,8
1715247477994,1715247477919443000,BINANCE,SOLUSDT,BUY,142.032,2
1715247477994,1715247477919464000,BINANCE,SOLUSDT,BUY,142.033,1
1715247477994,1715247477919484000,BINANCE,SOLUSDT,BUY,142.035,2
1715247477994,1715247477992876000,BINANCE,SOLUSDT,BUY,142.036,1
1715247478067,1715247477992904000,BINANCE,SOLUSDT,BUY,142.041,3
1715247478067,1715247477992928000,BINANCE,SOLUSDT,BUY,142.044,2
1715247478067,1715247477993988000,BINANCE,SOLUSDT,BUY,142.047,1
1715247478069,1715247477995342000,BINANCE,SOLUSDT,BUY,142.048,99
1715247478071,1715247477995372000,BINANCE,SOLUSDT,BUY,142.049,39
1715247478071,1715247478006568000,BINANCE,SOLUSDT,BUY,142.05,101
1715247478082,1715247478010118000,BINANCE,SOLUSDT,BUY,142.051,45
1715247478082,1715247478010144000,BINANCE,SOLUSDT,BUY,142.053,1
1715247478082,1715247478010167000,BINANCE,SOLUSDT,BUY,142.055,4
1715247478082,1715247478010191000,BINANCE,SOLUSDT,BUY,142.057,17
1715247478082,1715247478010215000,BINANCE,SOLUSDT,BUY,142.06,8
1715247478082,1715247478010238000,BINANCE,SOLUSDT,BUY,142.061,3
1715247478082,1715247478010271000,BINANCE,SOLUSDT,BUY,142.062,9
1715247478082,1715247478012021000,BINANCE,SOLUSDT,BUY,142.063,7
1715247478082,1715247478012050000,BINANCE,SOLUSDT,BUY,142.064,2
1715247478082,1715247478012078000,BINANCE,SOLUSDT,BUY,142.065,1
1715247478082,1715247478012105000,BINANCE,SOLUSDT,BUY,142.066,103
1715247478082,1715247478012132000,BINANCE,SOLUSDT,BUY,142.068,49
1715247478082,1715247478012160000,BINANCE,SOLUSDT,BUY,142.069,50
1715247478082,1715247478012187000,BINANCE,SOLUSDT,BUY,142.071,42
1715247478082,1715247478012214000,BINANCE,SOLUSDT,BUY,142.072,34
1715247478082,1715247478012241000,BINANCE,SOLUSDT,BUY,142.073,7
1715247478082,1715247478012269000,BINANCE,SOLUSDT,BUY,142.074,16
1715247478082,1715247478012297000,BINANCE,SOLUSDT,BUY,142.075,43
1715247478082,1715247478012324000,BINANCE,SOLUSDT,BUY,142.076,75
1715247478082,1715247478012351000,BINANCE,SOLUSDT,BUY,142.077,167
1715247478082,1715247478012379000,BINANCE,SOLUSDT,BUY,142.079,74
1715247478082,1715247478012406000,BINANCE,SOLUSDT,BUY,142.08,52
1715247478082,1715247478012433000,BINANCE,SOLUSDT,BUY,142.081,57
1715247478082,1715247478012461000,BINANCE,SOLUSDT,BUY,142.082,13
1715247478082,1715247478012488000,BINANCE,SOLUSDT,BUY,142.083,120
1715247478082,1715247478020417000,BINANCE,SOLUSDT,BUY,142.084,3
1715247478095,1715247478030540000,BINANCE,SOLUSDT,SELL,142.085,332
1715247478105,1715247478030568000,BINANCE,SOLUSDT,SELL,142.075,1
1715247478105,1715247478092659000,BINANCE,SOLUSDT,SELL,142.066,1
1715247478167,1715247478092690000,BINANCE,SOLUSDT,BUY,142.071,21
1715247478167,1715247478092713000,BINANCE,SOLUSDT,BUY,142.072,21
1715247478167,1715247478092736000,BINANCE,SOLUSDT,BUY,142.073,23
1715247478167,1715247478092760000,BINANCE,SOLUSDT,BUY,142.076,83
1715247478167,1715247478092783000,BINANCE,SOLUSDT,BUY,142.078,70
1715247478167,1715247478092807000,BINANCE,SOLUSDT,BUY,142.079,55
1715247478167,1715247478092830000,BINANCE,SOLUSDT,BUY,142.08,47
1715247478167,1715247478092854000,BINANCE,SOLUSDT,BUY,142.081,3
1715247478167,1715247478092877000,BINANCE,SOLUSDT,BUY,142.082,3
1715247478167,1715247478092901000,BINANCE,SOLUSDT,BUY,142.083,1
1715247478167,1715247478092924000,BINANCE,SOLUSDT,BUY,142.084,37
1715247478167,1715247478092948000,BINANCE,SOLUSDT,BUY,142.085,28
1715247478167,1715247478092971000,BINANCE,SOLUSDT,BUY,142.086,103
1715247478167,1715247478092995000,BINANCE,SOLUSDT,BUY,142.087,5
1715247478167,1715247478093019000,BINANCE,SOLUSDT,BUY,142.088,29
1715247478167,1715247478093050000,BINANCE,SOLUSDT,BUY,142.089,105
1715247478167,1715247478093074000,BINANCE,SOLUSDT,BUY,142.09,82
1715247478167,1715247478093098000,BINANCE,SOLUSDT,BUY,142.091,29
1715247478167,1715247478093121000,BINANCE,SOLUSDT,BUY,142.092,22
1715247478167,1715247478093151000,BINANCE,SOLUSDT,BUY,142.093,17
1715247478167,1715247478093175000,BINANCE,SOLUSDT,BUY,142.094,2
1715247478167,1715247478093198000,BINANCE,SOLUSDT,BUY,142.095,4
1715247478167,1715247478093222000,BINANCE,SOLUSDT,BUY,142.096,3
1715247478167,1715247478093245000,BINANCE,SOLUSDT,BUY,142.097,7
1715247478167,1715247478093269000,BINANCE,SOLUSDT,BUY,142.098,11
1715247478167,1715247478093299000,BINANCE,SOLUSDT,BUY,142.099,89
1715247478167,1715247478180814000,BINANCE,SOLUSDT,BUY,142.1,51
1715247478256,1715247478331672000,BINANCE,SOLUSDT,BUY,142.085,2
1715247478462,1715247478487345000,BINANCE,SOLUSDT,BUY,142.091,4
1715247478563,1715247478535969000,BINANCE,SOLUSDT,SELL,142.09,35
1715247478612,1715247478536061000,BINANCE,SOLUSDT,SELL,142.084,2
1715247478612,1715247478688592000,BINANCE,SOLUSDT,SELL,142.083,28
1715247478824,1715247478902617000,BINANCE,SOLUSDT,BUY,142.083,1
1715247479069,1715247479065821000,BINANCE,SOLUSDT,SELL,142.082,14
1715247479142,1715247479176249000,BINANCE,SOLUSDT,BUY,142.083,150
1715247479253,1715247479177600000,BINANCE,SOLUSDT,SELL,142.082,45
1715247479254,1715247479177637000,BINANCE,SOLUSDT,SELL,142.08,8
1715247479254,1715247479177671000,BINANCE,SOLUSDT,SELL,142.077,2
1715247479254,1715247479177704000,BINANCE,SOLUSDT,SELL,142.073,18
1715247479254,1715247479182353000,BINANCE,SOLUSDT,SELL,142.072,14
1715247479258,1715247479182390000,BINANCE,SOLUSDT,SELL,142.069,22
1715247479258,1715247479182424000,BINANCE,SOLUSDT,SELL,142.065,21
1715247479258,1715247479182457000,BINANCE,SOLUSDT,SELL,142.064,1
1715247479258,1715247479192506000,BINANCE,SOLUSDT,SELL,142.061,28
1715247479269,1715247479192554000,BINANCE,SOLUSDT,SELL,142.057,1
1715247479269,1715247479192597000,BINANCE,SOLUSDT,SELL,142.056,1
1715247479269,1715247479192640000,BINANCE,SOLUSDT,SELL,142.054,2
1715247479269,1715247479208986000,BINANCE,SOLUSDT,SELL,142.051,1
1715247479284,1715247479318819000,BINANCE,SOLUSDT,SELL,142.052,26
1715247479394,1715247479386326000,BINANCE,SOLUSDT,SELL,142.052,8
1715247479462,1715247479467051000,BINANCE,SOLUSDT,SELL,142.048,47
1715247479542,1715247479616855000,BINANCE,SOLUSDT,BUY,142.042,25
1715247479743,1715247479670984000,BINANCE,SOLUSDT,BUY,142.042,16
1715247479744,1715247479671060000,BINANCE,SOLUSDT,BUY,142.048,45
1715247479745,1715247479671117000,BINANCE,SOLUSDT,BUY,142.049,5
1715247479745,1715247479792256000,BINANCE,SOLUSDT,BUY,142.055,15
1715247479867,1715247479792302000,BINANCE,SOLUSDT,BUY,142.065,1
1715247479867,1715247479875526000,BINANCE,SOLUSDT,BUY,142.068,1
1715247479951,1715247479941042000,BINANCE,SOLUSDT,SELL,142.073,14
1715247480015,1715247479962102000,BINANCE,SOLUSDT,SELL,142.062,20
1715247480029,1715247479997901000,BINANCE,SOLUSDT,SELL,142.057,1
1715247480057,1715247480120773000,BINANCE,SOLUSDT,SELL,142.046,8
1715247480196,1715247480155013000,BINANCE,SOLUSDT,BUY,142.042,4
1715247480231,1715247480155046000,BINANCE,SOLUSDT,BUY,142.044,3
1715247480231,1715247480306093000,BINANCE,SOLUSDT,BUY,142.045,1
1715247480431,1715247480360459000,BINANCE,SOLUSDT,BUY,142.049,28
1715247480434,1715247480360518000,BINANCE,SOLUSDT,BUY,142.055,12
1715247480434,1715247480482197000,BINANCE,SOLUSDT,BUY,142.06,10
1715247480557,1715247480582433000,BINANCE,SOLUSDT,SELL,142.064,29
1715247480657,1715247480631307000,BINANCE,SOLUSDT,BUY,142.065,2
1715247480706,1715247480700103000,BINANCE,SOLUSDT,BUY,142.08,1
1715247480776,1715247480700190000,BINANCE,SOLUSDT,SELL,142.079,1
1715247480776,1715247480733818000,BINANCE,SOLUSDT,SELL,142.075,5
1715247480808,1715247480882125000,BINANCE,SOLUSDT,SELL,142.068,11
1715247481035,1715247480976490000,BINANCE,SOLUSDT,BUY,142.065,10
1715247481050,1715247480981318000,BINANCE,SOLUSDT,SELL,142.064,1
1715247481058,1715247481132106000,BINANCE,SOLUSDT,BUY,142.065,6
1715247481240,1715247481189045000,BINANCE,SOLUSDT,SELL,142.064,23
1715247481265,1715247481221933000,BINANCE,SOLUSDT,BUY,142.043,3
1715247481297,1715247481372335000,BINANCE,SOLUSDT,BUY,142.045,1
1715247481519,1715247481443713000,BINANCE,SOLUSDT,BUY,142.045,77
1715247481519,1715247481443745000,BINANCE,SOLUSDT,BUY,142.046,16
1715247481519,1715247481596123000,BINANCE,SOLUSDT,BUY,142.047,29
1715247481715,1715247481657148000,BINANCE,SOLUSDT,BUY,142.058,11
1715247481732,1715247481657233000,BINANCE,SOLUSDT,BUY,142.049,47
1715247481732,1715247481806702000,BINANCE,SOLUSDT,BUY,142.052,50
1715247482004,1715247481928772000,BINANCE,SOLUSDT,BUY,142.045,110
1715247482004,1715247481929952000,BINANCE,SOLUSDT,BUY,142.046,34
1715247482004,1715247481929994000,BINANCE,SOLUSDT,BUY,142.047,18
1715247482004,1715247481930030000,BINANCE,SOLUSDT,BUY,142.048,21
1715247482004,1715247481930068000,BINANCE,SOLUSDT,BUY,142.049,10
1715247482004,1715247481930104000,BINANCE,SOLUSDT,BUY,142.051,3
1715247482004,1715247481940279000,BINANCE,SOLUSDT,BUY,142.052,4
1715247482013,1715247481940330000,BINANCE,SOLUSDT,SELL,142.051,19
1715247482013,1715247481940374000,BINANCE,SOLUSDT,SELL,142.049,16
1715247482013,1715247481940419000,BINANCE,SOLUSDT,SELL,142.048,32
1715247482013,1715247482082223000,BINANCE,SOLUSDT,SELL,142.046,24
1715247482157,1715247482082267000,BINANCE,SOLUSDT,SELL,142.044,4
1715247482158,1715247482085025000,BINANCE,SOLUSDT,SELL,142.041,25
1715247482159,1715247482087727000,BINANCE,SOLUSDT,SELL,142.039,1
1715247482162,1715247482104693000,BINANCE,SOLUSDT,SELL,142.035,1
1715247482180,1715247482104752000,BINANCE,SOLUSDT,SELL,142.029,1
1715247482180,1715247482120604000,BINANCE,SOLUSDT,SELL,142.028,1
1715247482196,1715247482120650000,BINANCE,SOLUSDT,SELL,142.015,1
1715247482196,1715247482138363000,BINANCE,SOLUSDT,SELL,142.014,7
1715247482214,1715247482138408000,BINANCE,SOLUSDT,SELL,142.013,2
1715247482214,1715247482166846000,BINANCE,SOLUSDT,SELL,142.012,2
1715247482241,1715247482166916000,BINANCE,SOLUSDT,SELL,142.01,3
1715247482241,1715247482166964000,BINANCE,SOLUSDT,SELL,142.006,1
1715247482241,1715247482204814000,BINANCE,SOLUSDT,SELL,142.004,1
1715247482275,1715247482215312000,BINANCE,SOLUSDT,SELL,142,6
1715247482290,1715247482215378000,BINANCE,SOLUSDT,SELL,141.999,3
1715247482290,1715247482365431000,BINANCE,SOLUSDT,SELL,141.998,1
1715247482677,1715247482603458000,BINANCE,SOLUSDT,BUY,141.999,70
1715247482678,1715247482603483000,BINANCE,SOLUSDT,BUY,142.001,16
1715247482678,1715247482603505000,BINANCE,SOLUSDT,BUY,142.003,12
1715247482678,1715247482603525000,BINANCE,SOLUSDT,BUY,142.007,2
1715247482678,1715247482603548000,BINANCE,SOLUSDT,BUY,142.011,1
1715247482678,1715247482603568000,BINANCE,SOLUSDT,BUY,142.013,6
1715247482678,1715247482603589000,BINANCE,SOLUSDT,BUY,142.015,1
1715247482678,1715247482603609000,BINANCE,SOLUSDT,BUY,142.018,19
1715247482678,1715247482603630000,BINANCE,SOLUSDT,BUY,142.019,19
1715247482678,1715247482603650000,BINANCE,SOLUSDT,BUY,142.02,3
1715247482679,1715247482628122000,BINANCE,SOLUSDT,BUY,142.021,24
1715247482704,1715247482628149000,BINANCE,SOLUSDT,BUY,142.027,2
1715247482704,1715247482628170000,BINANCE,SOLUSDT,BUY,142.031,6
1715247482704,1715247482658595000,BINANCE,SOLUSDT,BUY,142.034,1
1715247482734,1715247482807628000,BINANCE,SOLUSDT,BUY,142.028,2
1715247483033,1715247483047340000,BINANCE,SOLUSDT,BUY,142.036,1
1715247483123,1715247483061371000,BINANCE,SOLUSDT,BUY,142.039,38
1715247483137,1715247483147358000,BINANCE,SOLUSDT,BUY,142.053,1
1715247483226,1715247483299753000,BINANCE,SOLUSDT,SELL,142.057,5
1715247483806,1715247483803355000,BINANCE,SOLUSDT,SELL,142.057,18
1715247483880,1715247483952686000,BINANCE,SOLUSDT,BUY,142.04,1
1715247484135,1715247484085048000,BINANCE,SOLUSDT,SELL,142.038,5
1715247484162,1715247484236707000,BINANCE,SOLUSDT,SELL,142.037,14
1715247484478,1715247484550564000,BINANCE,SOLUSDT,SELL,142.034,1
1715247484899,1715247484825711000,BINANCE,SOLUSDT,SELL,142.034,19
1715247484903,1715247484835361000,BINANCE,SOLUSDT,SELL,142.028,1
1715247484911,1715247484835379000,BINANCE,SOLUSDT,SELL,142.02,2
1715247484911,1715247484835461000,BINANCE,SOLUSDT,SELL,142.019,2
1715247484911,1715247484842465000,BINANCE,SOLUSDT,SELL,142.014,11
1715247484916,1715247484868032000,BINANCE,SOLUSDT,SELL,142.013,12
1715247484944,1715247484868051000,BINANCE,SOLUSDT,SELL,142.006,1
1715247484944,1715247484868063000,BINANCE,SOLUSDT,SELL,142.005,3
1715247484944,1715247485018456000,BINANCE,SOLUSDT,SELL,142.004,30
1715247485677,1715247485688091000,BINANCE,SOLUSDT,SELL,142.002,21
1715247485764,1715247485688196000,BINANCE,SOLUSDT,SELL,141.999,50
1715247485764,1715247485708671000,BINANCE,SOLUSDT,SELL,141.998,1
1715247485785,1715247485708779000,BINANCE,SOLUSDT,SELL,141.994,1
1715247485785,1715247485778599000,BINANCE,SOLUSDT,SELL,141.99,2
1715247485855,1715247485930221000,BINANCE,SOLUSDT,SELL,141.989,6
1715247486028,1715247485962719000,BINANCE,SOLUSDT,BUY,141.99,26
1715247486037,1715247486106658000,BINANCE,SOLUSDT,BUY,141.991,27
1715247486183,1715247486230633000,BINANCE,SOLUSDT,BUY,141.991,8
1715247486306,1715247486381334000,BINANCE,SOLUSDT,BUY,141.991,6
1715247486483,1715247486532338000,BINANCE,SOLUSDT,BUY,141.991,15
1715247486607,1715247486532399000,BINANCE,SOLUSDT,BUY,142,1
1715247486610,1715247486586613000,BINANCE,SOLUSDT,BUY,142.003,4
1715247486664,1715247486586701000,BINANCE,SOLUSDT,BUY,142.009,1
1715247486664,1715247486586779000,BINANCE,SOLUSDT,BUY,142.011,1
1715247486664,1715247486728434000,BINANCE,SOLUSDT,BUY,142.015,1
1715247486805,1715247486728468000,BINANCE,SOLUSDT,BUY,142.018,3
1715247486805,1715247486728496000,BINANCE,SOLUSDT,BUY,142.019,1
1715247486805,1715247486728523000,BINANCE,SOLUSDT,BUY,142.02,3
1715247486805,1715247486749355000,BINANCE,SOLUSDT,BUY,142.021,2
1715247486825,1715247486772824000,BINANCE,SOLUSDT,BUY,142.022,3
1715247486847,1715247486796852000,BINANCE,SOLUSDT,BUY,142.03,1
1715247486872,1715247486892139000,BINANCE,SOLUSDT,BUY,142.031,7
1715247486966,1715247487044242000,BINANCE,SOLUSDT,SELL,142.03,44
1715247487356,1715247487431404000,BINANCE,SOLUSDT,BUY,142.031,11
1715247487735,1715247487810384000,BINANCE,SOLUSDT,BUY,142.031,36
1715247488826,1715247488898798000,BINANCE,SOLUSDT,SELL,142.03,14
1715247489289,1715247489292848000,BINANCE,SOLUSDT,SELL,142.03,3
1715247489369,1715247489443703000,BINANCE,SOLUSDT,BUY,142.031,25
1715247489786,1715247489834282000,BINANCE,SOLUSDT,BUY,142.031,6
1715247489909,1715247489983804000,BINANCE,SOLUSDT,SELL,142.03,71
1715247490148,1715247490075108000,BINANCE,SOLUSDT,SELL,142.011,1
1715247490148,1715247490077746000,BINANCE,SOLUSDT,SELL,142.01,1
1715247490148,1715247490077777000,BINANCE,SOLUSDT,SELL,142.007,1
1715247490148,1715247490077804000,BINANCE,SOLUSDT,SELL,142.003,1
1715247490148,1715247490225387000,BINANCE,SOLUSDT,SELL,142.001,1
1715247490366,1715247490295397000,BINANCE,SOLUSDT,BUY,142,113
1715247490367,1715247490295470000,BINANCE,SOLUSDT,BUY,142.004,3
1715247490367,1715247490295492000,BINANCE,SOLUSDT,BUY,142.008,5
1715247490367,1715247490295513000,BINANCE,SOLUSDT,BUY,142.011,81
1715247490369,1715247490295534000,BINANCE,SOLUSDT,BUY,142.012,71
1715247490369,1715247490296451000,BINANCE,SOLUSDT,BUY,142.014,41
1715247490369,1715247490296475000,BINANCE,SOLUSDT,BUY,142.016,12
1715247490369,1715247490296496000,BINANCE,SOLUSDT,BUY,142.017,1
1715247490369,1715247490296516000,BINANCE,SOLUSDT,BUY,142.018,5
1715247490369,1715247490296537000,BINANCE,SOLUSDT,BUY,142.02,2
1715247490369,1715247490296558000,BINANCE,SOLUSDT,BUY,142.022,30
1715247490369,1715247490296578000,BINANCE,SOLUSDT,BUY,142.023,5
1715247490370,1715247490314389000,BINANCE,SOLUSDT,BUY,142.025,14
1715247490388,1715247490314421000,BINANCE,SOLUSDT,BUY,142.026,25
1715247490388,1715247490314442000,BINANCE,SOLUSDT,BUY,142.03,1
1715247490388,1715247490319078000,BINANCE,SOLUSDT,BUY,142.031,20
1715247490390,1715247490332029000,BINANCE,SOLUSDT,BUY,142.033,28
1715247490407,1715247490332056000,BINANCE,SOLUSDT,BUY,142.035,2
1715247490407,1715247490332079000,BINANCE,SOLUSDT,BUY,142.036,1
1715247490407,1715247490483410000,BINANCE,SOLUSDT,BUY,142.037,9
1715247490597,1715247490578415000,BINANCE,SOLUSDT,BUY,142.039,1
1715247490653,1715247490578465000,BINANCE,SOLUSDT,SELL,142.038,1
1715247490653,1715247490578513000,BINANCE,SOLUSDT,SELL,142.037,2
1715247490653,1715247490578547000,BINANCE,SOLUSDT,SELL,142.035,1
1715247490653,1715247490578589000,BINANCE,SOLUSDT,SELL,142.031,1
1715247490653,1715247490578624000,BINANCE,SOLUSDT,SELL,142.027,1
1715247490653,1715247490578668000,BINANCE,SOLUSDT,SELL,142.026,1
1715247490653,1715247490578707000,BINANCE,SOLUSDT,SELL,142.025,3
1715247490653,1715247490578741000,BINANCE,SOLUSDT,SELL,142.021,2
1715247490653,1715247490578775000,BINANCE,SOLUSDT,SELL,142.02,3
1715247490653,1715247490604003000,BINANCE,SOLUSDT,SELL,142.018,17
1715247490678,1715247490719478000,BINANCE,SOLUSDT,SELL,142.021,7
1715247490794,1715247490719525000,BINANCE,SOLUSDT,SELL,142.013,1
1715247490796,1715247490736083000,BINANCE,SOLUSDT,SELL,142.01,10
1715247490810,1715247490741644000,BINANCE,SOLUSDT,SELL,142.009,1
1715247490814,1715247490741722000,BINANCE,SOLUSDT,SELL,142.007,1
1715247490814,1715247490741803000,BINANCE,SOLUSDT,SELL,142.006,1
1715247490814,1715247490888738000,BINANCE,SOLUSDT,SELL,142.005,5
1715247490964,1715247490889226000,BINANCE,SOLUSDT,SELL,142.001,1
1715247490964,1715247490908107000,BINANCE,SOLUSDT,SELL,141.999,6
1715247490979,1715247490908152000,BINANCE,SOLUSDT,SELL,141.992,9
1715247490979,1715247490908199000,BINANCE,SOLUSDT,SELL,141.991,5
1715247490979,1715247490908288000,BINANCE,SOLUSDT,SELL,141.989,26
1715247490980,1715247490908419000,BINANCE,SOLUSDT,SELL,141.988,6
1715247490983,1715247490908464000,BINANCE,SOLUSDT,SELL,141.985,5
1715247490983,1715247490908508000,BINANCE,SOLUSDT,SELL,141.984,1
1715247490983,1715247490963360000,BINANCE,SOLUSDT,SELL,141.982,11
1715247491030,1715247490991110000,BINANCE,SOLUSDT,SELL,141.981,1
1715247491065,1715247490991264000,BINANCE,SOLUSDT,SELL,141.979,1
1715247491065,1715247490991345000,BINANCE,SOLUSDT,SELL,141.977,1
1715247491065,1715247491129994000,BINANCE,SOLUSDT,SELL,141.976,1
1715247491203,1715247491204897000,BINANCE,SOLUSDT,BUY,141.979,1
1715247491281,1715247491216820000,BINANCE,SOLUSDT,BUY,141.98,2
1715247491293,1715247491216849000,BINANCE,SOLUSDT,BUY,141.998,19
1715247491293,1715247491294172000,BINANCE,SOLUSDT,BUY,141.999,5
1715247491369,1715247491294755000,BINANCE,SOLUSDT,BUY,142.001,1
1715247491371,1715247491294772000,BINANCE,SOLUSDT,BUY,142.006,1
1715247491371,1715247491294787000,BINANCE,SOLUSDT,BUY,142.007,1
1715247491371,1715247491311852000,BINANCE,SOLUSDT,BUY,142.011,4
1715247491388,1715247491462796000,BINANCE,SOLUSDT,SELL,142.02,2
1715247491831,1715247491757563000,BINANCE,SOLUSDT,SELL,142.021,22
1715247491831,1715247491757623000,BINANCE,SOLUSDT,SELL,142.015,1
1715247491831,1715247491757661000,BINANCE,SOLUSDT,SELL,142.013,11
1715247491831,1715247491757697000,BINANCE,SOLUSDT,SELL,142.012,12
1715247491831,1715247491757734000,BINANCE,SOLUSDT,SELL,142.011,1
1715247491831,1715247491757771000,BINANCE,SOLUSDT,SELL,142.007,12
1715247491831,1715247491757808000,BINANCE,SOLUSDT,SELL,142.006,1
1715247491831,1715247491757844000,BINANCE,SOLUSDT,SELL,142.005,15
1715247491831,1715247491906340000,BINANCE,SOLUSDT,SELL,142.004,15
1715247492013,1715247491937961000,BINANCE,SOLUSDT,SELL,142.006,46
1715247492013,1715247491938055000,BINANCE,SOLUSDT,SELL,142.005,20
1715247492013,1715247492014008000,BINANCE,SOLUSDT,SELL,142.004,32
1715247492090,1715247492014108000,BINANCE,SOLUSDT,SELL,142,1
1715247492090,1715247492014219000,BINANCE,SOLUSDT,SELL,141.999,7
1715247492090,1715247492014303000,BINANCE,SOLUSDT,SELL,141.995,1
1715247492090,1715247492014382000,BINANCE,SOLUSDT,SELL,141.994,3
1715247492090,1715247492014461000,BINANCE,SOLUSDT,SELL,141.991,2
1715247492090,1715247492033085000,BINANCE,SOLUSDT,SELL,141.988,6
1715247492109,1715247492151290000,BINANCE,SOLUSDT,BUY,141.989,35
1715247492226,1715247492151335000,BINANCE,SOLUSDT,SELL,142.001,58
1715247492226,1715247492181182000,BINANCE,SOLUSDT,SELL,142,2
1715247492257,1715247492181230000,BINANCE,SOLUSDT,SELL,141.999,27
1715247492257,1715247492181265000,BINANCE,SOLUSDT,SELL,141.998,23
1715247492257,1715247492181298000,BINANCE,SOLUSDT,SELL,141.996,13
1715247492257,1715247492181332000,BINANCE,SOLUSDT,SELL,141.992,16
1715247492257,1715247492181365000,BINANCE,SOLUSDT,SELL,141.991,40
1715247492257,1715247492237947000,BINANCE,SOLUSDT,SELL,141.99,2
1715247492313,1715247492300063000,BINANCE,SOLUSDT,SELL,141.989,42
1715247492376,1715247492300091000,BINANCE,SOLUSDT,SELL,141.988,6
1715247492376,1715247492300114000,BINANCE,SOLUSDT,SELL,141.987,1
1715247492376,1715247492300138000,BINANCE,SOLUSDT,SELL,141.985,5
1715247492376,1715247492300162000,BINANCE,SOLUSDT,SELL,141.98,16
1715247492376,1715247492300228000,BINANCE,SOLUSDT,SELL,141.979,10
1715247492376,1715247492300256000,BINANCE,SOLUSDT,SELL,141.977,3
1715247492376,1715247492300280000,BINANCE,SOLUSDT,SELL,141.976,13
1715247492376,1715247492450129000,BINANCE,SOLUSDT,SELL,141.974,4
1715247492538,1715247492523225000,BINANCE,SOLUSDT,SELL,141.974,1
1715247492601,1715247492523253000,BINANCE,SOLUSDT,BUY,141.975,22
1715247492601,1715247492523278000,BINANCE,SOLUSDT,BUY,141.979,3
1715247492601,1715247492523302000,BINANCE,SOLUSDT,BUY,141.983,11
1715247492601,1715247492552435000,BINANCE,SOLUSDT,BUY,141.984,5
1715247492628,1715247492552467000,BINANCE,SOLUSDT,SELL,141.988,10
1715247492628,1715247492552495000,BINANCE,SOLUSDT,SELL,141.987,30
1715247492628,1715247492552522000,BINANCE,SOLUSDT,SELL,141.986,11
1715247492628,1715247492703300000,BINANCE,SOLUSDT,SELL,141.985,70
1715247492907,1715247492834038000,BINANCE,SOLUSDT,SELL,141.989,5
1715247492907,1715247492834134000,BINANCE,SOLUSDT,SELL,141.979,1
1715247492907,1715247492834249000,BINANCE,SOLUSDT,SELL,141.978,1
1715247492907,1715247492834514000,BINANCE,SOLUSDT,SELL,141.976,32
1715247492907,1715247492834611000,BINANCE,SOLUSDT,SELL,141.975,1
1715247492907,1715247492834690000,BINANCE,SOLUSDT,SELL,141.974,37
1715247492907,1715247492901599000,BINANCE,SOLUSDT,SELL,141.973,1
1715247492980,1715247493053347000,BINANCE,SOLUSDT,SELL,141.979,32
1715247493341,1715247493266708000,BINANCE,SOLUSDT,SELL,141.984,46
1715247493341,1715247493266793000,BINANCE,SOLUSDT,SELL,141.982,3
1715247493341,1715247493266851000,BINANCE,SOLUSDT,SELL,141.98,6
1715247493341,1715247493266908000,BINANCE,SOLUSDT,SELL,141.979,27
1715247493341,1715247493266965000,BINANCE,SOLUSDT,SELL,141.978,43
1715247493341,1715247493267022000,BINANCE,SOLUSDT,SELL,141.977,24
1715247493341,1715247493267082000,BINANCE,SOLUSDT,SELL,141.976,41
1715247493341,1715247493267140000,BINANCE,SOLUSDT,SELL,141.975,24
1715247493341,1715247493267197000,BINANCE,SOLUSDT,SELL,141.974,3
1715247493341,1715247493410370000,BINANCE,SOLUSDT,SELL,141.973,2
1715247493484,1715247493452346000,BINANCE,SOLUSDT,BUY,141.974,1
1715247493529,1715247493602795000,BINANCE,SOLUSDT,SELL,141.973,30
1715247493820,1715247493797314000,BINANCE,SOLUSDT,SELL,141.973,13
1715247493871,1715247493934206000,BINANCE,SOLUSDT,SELL,141.968,3
1715247494010,1715247493971854000,BINANCE,SOLUSDT,SELL,141.968,10
1715247494046,1715247494028258000,BINANCE,SOLUSDT,SELL,141.967,9
1715247494103,1715247494078208000,BINANCE,SOLUSDT,SELL,141.966,79
1715247494154,1715247494126253000,BINANCE,SOLUSDT,SELL,141.965,1
1715247494202,1715247494128819000,BINANCE,SOLUSDT,SELL,141.954,6
1715247494204,1715247494141259000,BINANCE,SOLUSDT,SELL,141.952,1
1715247494216,1715247494173856000,BINANCE,SOLUSDT,BUY,141.95,131
1715247494248,1715247494173962000,BINANCE,SOLUSDT,BUY,141.951,1
1715247494248,1715247494174040000,BINANCE,SOLUSDT,BUY,141.952,25
1715247494248,1715247494271079000,BINANCE,SOLUSDT,BUY,141.953,76
1715247494345,1715247494396927000,BINANCE,SOLUSDT,SELL,141.954,2
1715247494471,1715247494397021000,BINANCE,SOLUSDT,BUY,141.955,3
1715247494471,1715247494397534000,BINANCE,SOLUSDT,BUY,141.963,2
1715247494471,1715247494397582000,BINANCE,SOLUSDT,BUY,141.967,11
1715247494471,1715247494397627000,BINANCE,SOLUSDT,BUY,141.971,1
1715247494471,1715247494397679000,BINANCE,SOLUSDT,BUY,141.972,3
1715247494471,1715247494397723000,BINANCE,SOLUSDT,BUY,141.973,3
1715247494471,1715247494397789000,BINANCE,SOLUSDT,BUY,141.974,1
1715247494471,1715247494397834000,BINANCE,SOLUSDT,BUY,141.975,19
1715247494471,1715247494397878000,BINANCE,SOLUSDT,BUY,141.978,7
1715247494471,1715247494397922000,BINANCE,SOLUSDT,BUY,141.979,4
1715247494471,1715247494397967000,BINANCE,SOLUSDT,BUY,141.98,15
1715247494471,1715247494447721000,BINANCE,SOLUSDT,BUY,141.981,3
1715247494518,1715247494541024000,BINANCE,SOLUSDT,SELL,141.982,34
1715247494615,1715247494690272000,BINANCE,SOLUSDT,SELL,141.959,1
1715247494817,1715247494763224000,BINANCE,SOLUSDT,SELL,141.959,16
1715247494840,1715247494763263000,BINANCE,SOLUSDT,SELL,141.954,1
1715247494840,1715247494763297000,BINANCE,SOLUSDT,SELL,141.953,1
1715247494840,1715247494763332000,BINANCE,SOLUSDT,SELL,141.951,1
1715247494840,1715247494915202000,BINANCE,SOLUSDT,SELL,141.95,1
1715247495014,1715247494939457000,BINANCE,SOLUSDT,SELL,141.949,1
1715247495014,1715247494939499000,BINANCE,SOLUSDT,SELL,141.948,1
1715247495014,1715247494939533000,BINANCE,SOLUSDT,SELL,141.943,5
1715247495014,1715247494939567000,BINANCE,SOLUSDT,SELL,141.941,1
1715247495014,1715247494939601000,BINANCE,SOLUSDT,SELL,141.94,14
1715247495014,1715247494939635000,BINANCE,SOLUSDT,SELL,141.939,1
1715247495014,1715247494939669000,BINANCE,SOLUSDT,SELL,141.938,6
1715247495014,1715247494939721000,BINANCE,SOLUSDT,SELL,141.936,16
1715247495014,1715247494939758000,BINANCE,SOLUSDT,SELL,141.935,1
1715247495014,1715247494939792000,BINANCE,SOLUSDT,SELL,141.934,3
1715247495014,1715247494939826000,BINANCE,SOLUSDT,SELL,141.933,25
1715247495014,1715247494939860000,BINANCE,SOLUSDT,SELL,141.932,3
1715247495014,1715247494939893000,BINANCE,SOLUSDT,SELL,141.931,3
1715247495014,1715247494940325000,BINANCE,SOLUSDT,SELL,141.93,7
1715247495014,1715247494940365000,BINANCE,SOLUSDT,SELL,141.929,5
1715247495014,1715247494940399000,BINANCE,SOLUSDT,SELL,141.928,37
1715247495014,1715247494940432000,BINANCE,SOLUSDT,SELL,141.927,3
1715247495016,1715247494940466000,BINANCE,SOLUSDT,BUY,141.928,52
1715247495016,1715247495005314000,BINANCE,SOLUSDT,BUY,141.929,48
1715247495082,1715247495047499000,BINANCE,SOLUSDT,BUY,141.942,15
1715247495122,1715247495196104000,BINANCE,SOLUSDT,SELL,141.941,4
1715247495615,1715247495650579000,BINANCE,SOLUSDT,SELL,141.941,9
1715247495726,1715247495773624000,BINANCE,SOLUSDT,SELL,141.941,7
1715247495850,1715247495924256000,BINANCE,SOLUSDT,SELL,141.924,10
1715247496193,1715247496224538000,BINANCE,SOLUSDT,SELL,141.924,3
1715247496298,1715247496224587000,BINANCE,SOLUSDT,SELL,141.924,166
1715247496298,1715247496224621000,BINANCE,SOLUSDT,SELL,141.923,1
1715247496299,1715247496224655000,BINANCE,SOLUSDT,SELL,141.922,4
1715247496299,1715247496224688000,BINANCE,SOLUSDT,SELL,141.92,2
1715247496299,1715247496224722000,BINANCE,SOLUSDT,SELL,141.919,4
1715247496299,1715247496224755000,BINANCE,SOLUSDT,SELL,141.918,18
1715247496299,1715247496224788000,BINANCE,SOLUSDT,SELL,141.916,8
1715247496299,1715247496224821000,BINANCE,SOLUSDT,SELL,141.915,3
1715247496299,1715247496224855000,BINANCE,SOLUSDT,SELL,141.914,12
1715247496299,1715247496232321000,BINANCE,SOLUSDT,SELL,141.913,14
1715247496310,1715247496261575000,BINANCE,SOLUSDT,BUY,141.913,3
1715247496337,1715247496411765000,BINANCE,SOLUSDT,BUY,141.914,8
1715247496755,1715247496762460000,BINANCE,SOLUSDT,SELL,141.924,39
1715247496837,1715247496904406000,BINANCE,SOLUSDT,BUY,141.925,1
1715247496980,1715247496910652000,BINANCE,SOLUSDT,SELL,141.924,2
1715247496980,1715247496910708000,BINANCE,SOLUSDT,SELL,141.922,1
1715247496980,1715247496910753000,BINANCE,SOLUSDT,SELL,141.918,3
1715247496980,1715247497054894000,BINANCE,SOLUSDT,SELL,141.917,2
1715247497250,1715247497310860000,BINANCE,SOLUSDT,BUY,141.918,3
1715247497387,1715247497459417000,BINANCE,SOLUSDT,SELL,141.915,13
1715247497535,1715247497608702000,BINANCE,SOLUSDT,BUY,141.916,2
1715247497687,1715247497762397000,BINANCE,SOLUSDT,SELL,141.915,7
1715247497902,1715247497977122000,BINANCE,SOLUSDT,SELL,141.915,4
1715247498062,1715247498136595000,BINANCE,SOLUSDT,SELL,141.909,2
1715247498267,1715247498193933000,BINANCE,SOLUSDT,SELL,141.909,14
1715247498270,1715247498194039000,BINANCE,SOLUSDT,SELL,141.908,1
1715247498271,1715247498195659000,BINANCE,SOLUSDT,SELL,141.903,78
1715247498271,1715247498195766000,BINANCE,SOLUSDT,SELL,141.902,1
1715247498271,1715247498195886000,BINANCE,SOLUSDT,SELL,141.901,2
1715247498271,1715247498195972000,BINANCE,SOLUSDT,SELL,141.9,172
1715247498272,1715247498196051000,BINANCE,SOLUSDT,SELL,141.895,6
1715247498272,1715247498196127000,BINANCE,SOLUSDT,SELL,141.894,2
1715247498272,1715247498196204000,BINANCE,SOLUSDT,SELL,141.893,6
1715247498272,1715247498209346000,BINANCE,SOLUSDT,SELL,141.892,2
1715247498286,1715247498277755000,BINANCE,SOLUSDT,SELL,141.891,28
1715247498353,1715247498277859000,BINANCE,SOLUSDT,SELL,141.89,2
1715247498353,1715247498426698000,BINANCE,SOLUSDT,SELL,141.888,1
1715247498611,1715247498536111000,BINANCE,SOLUSDT,BUY,141.889,91
1715247498614,1715247498536169000,BINANCE,SOLUSDT,BUY,141.892,1
1715247498614,1715247498571070000,BINANCE,SOLUSDT,BUY,141.893,1
1715247498646,1715247498571132000,BINANCE,SOLUSDT,BUY,141.901,4
1715247498646,1715247498571180000,BINANCE,SOLUSDT,BUY,141.903,1
1715247498647,1715247498722237000,BINANCE,SOLUSDT,BUY,141.904,2
1715247498812,1715247498885908000,BINANCE,SOLUSDT,BUY,141.909,1
1715247499412,1715247499399507000,BINANCE,SOLUSDT,BUY,141.909,6
1715247499474,1715247499550581000,BINANCE,SOLUSDT,SELL,141.909,15
1715247499692,1715247499765758000,BINANCE,SOLUSDT,SELL,141.909,5
1715247499869,1715247499910019000,BINANCE,SOLUSDT,SELL,141.908,24
1715247499985,1715247499910053000,BINANCE,SOLUSDT,SELL,141.888,4
1715247499985,1715247499910077000,BINANCE,SOLUSDT,SELL,141.887,3
1715247499985,1715247499910101000,BINANCE,SOLUSDT,SELL,141.886,5
1715247499985,1715247499956510000,BINANCE,SOLUSDT,SELL,141.885,28
1715247500033,1715247499956544000,BINANCE,SOLUSDT,SELL,141.882,7
1715247500033,1715247499986206000,BINANCE,SOLUSDT,SELL,141.881,30
