timestamp,local_timestamp,exchange,symbol,ask_1_price,ask_1_qty,ask_2_price,ask_2_qty,ask_3_price,ask_3_qty,ask_4_price,ask_4_qty,ask_5_price,ask_5_qty,ask_6_price,ask_6_qty,ask_7_price,ask_7_qty,ask_8_price,ask_8_qty,ask_9_price,ask_9_qty,ask_10_price,ask_10_qty,bid_1_price,bid_1_qty,bid_2_price,bid_2_qty,bid_3_price,bid_3_qty,bid_4_price,bid_4_qty,bid_5_price,bid_5_qty,bid_6_price,bid_6_qty,bid_7_price,bid_7_qty,bid_8_price,bid_8_qty,bid_9_price,bid_9_qty,bid_10_price,bid_10_qty
1715247432422,1715247432359205000,BINANCE,BNBUSDT,595.08,18.49,595.09,0.67,595.1,3.93,595.11,10.75,595.12,4.57,595.13,11.14,595.14,17.13,595.15,4.4,595.16,11.56,595.17,11.69,595.07,11.19,595.06,73.99,595.05,4.14,595.04,2.11,595.03,2.1,595.02,2.11,595.01,30.72,595,588.03,594.99,0.77,594.98,4.98
1715247432718,1715247432650661000,BINANCE,BNBUSDT,595.01,42.45,595.02,4.16,595.03,2.91,595.04,2.33,595.05,51.68,595.06,5,595.07,15.83,595.08,27.46,595.09,0.67,595.1,12.67,595,143.11,594.99,0.75,594.98,4.98,594.97,0.07,594.96,0.92,594.95,1.36,594.94,0.88,594.93,0.21,594.92,1.6,594.91,0.21
1715247432970,1715247432907550000,BINANCE,BNBUSDT,594.69,11.46,594.7,3.12,594.71,0.08,594.72,5.54,594.73,9.14,594.74,11.2,594.75,0.84,594.76,13.76,594.77,36.92,594.78,4.55,594.68,15.95,594.67,1.79,594.66,2.45,594.65,9.01,594.64,8.47,594.63,18.42,594.62,2.45,594.61,5.5,594.6,0.5,594.59,2.12
1715247433222,1715247433227511000,BINANCE,BNBUSDT,594.64,11.06,594.65,0.67,594.66,2.45,594.67,3.18,594.68,7.45,594.69,5.96,594.7,13.93,594.71,26.11,594.72,6.13,594.73,0.67,594.63,4.2,594.62,4.83,594.61,7.33,594.59,1.98,594.57,12.59,594.56,3.84,594.55,3.8,594.54,0.78,594.53,0.23,594.52,0.35
1715247433473,1715247433413762000,BINANCE,BNBUSDT,594.64,13.33,594.65,0.44,594.66,2.45,594.67,14.65,594.68,7.45,594.69,1.51,594.7,14.93,594.71,0.08,594.72,5.54,594.73,0.67,594.63,10.09,594.62,2.45,594.6,2.1,594.59,2.46,594.58,4.14,594.57,12.59,594.56,3.52,594.55,3.8,594.54,0.78,594.53,1.71
1715247433731,1715247433673625000,BINANCE,BNBUSDT,594.76,16.76,594.78,4.55,594.79,2.1,594.81,2.88,594.82,7.99,594.83,18.86,594.84,0.01,594.85,5.61,594.86,12.38,594.87,24.44,594.75,15.42,594.74,12.07,594.73,5.7,594.72,2.77,594.71,2.57,594.7,12.35,594.69,11.11,594.68,4.2,594.67,7.19,594.66,15.85
1715247434001,1715247433930971000,BINANCE,BNBUSDT,594.81,0.76,594.83,2.1,594.85,9.83,594.86,6.24,594.87,16.76,594.88,2.37,594.89,1.02,594.9,2.5,594.91,2.64,594.92,16.74,594.8,13.48,594.79,9.05,594.78,8.71,594.77,8.71,594.76,8.77,594.75,12.39,594.74,8.03,594.73,1.8,594.72,2.77,594.71,1.85
1715247434254,1715247434185865000,BINANCE,BNBUSDT,594.92,17.25,594.93,9.34,594.94,8.68,594.95,12.11,594.96,2.45,594.97,2.65,594.98,13.32,594.99,15.26,595,20.66,595.01,8.57,594.91,4.39,594.9,1.8,594.88,2.45,594.87,2.1,594.86,2.45,594.85,5.04,594.84,5.42,594.83,0.01,594.82,2.45,594.81,1.68
1715247434511,1715247434443278000,BINANCE,BNBUSDT,594.92,5.93,594.93,3.36,594.94,3.12,594.95,7.1,594.96,2.45,594.97,5.66,594.98,24.2,594.99,15.42,595,20.66,595.01,7.9,594.91,3.87,594.9,2.45,594.88,2.45,594.87,2.1,594.86,6.36,594.85,5.04,594.84,5.42,594.83,0.07,594.82,2.45,594.8,2.45
1715247434766,1715247434701459000,BINANCE,BNBUSDT,594.92,9.61,594.94,3.12,594.95,5.04,594.96,2.46,594.97,5.65,594.98,25.29,594.99,20.46,595,20.66,595.01,7.9,595.02,4.85,594.91,9.41,594.9,2.45,594.88,2.45,594.87,4.18,594.86,6.36,594.85,2.1,594.84,4.25,594.83,4.41,594.82,2.45,594.8,2.45
1715247435028,1715247434968185000,BINANCE,BNBUSDT,594.92,9.17,594.94,5.84,594.95,15.92,594.96,2.46,594.97,16.33,594.98,22.67,594.99,20.46,595,21.33,595.01,7.9,595.02,3.13,594.91,3.82,594.9,2.45,594.88,2.45,594.87,4.18,594.86,6.36,594.85,2.1,594.84,2.45,594.83,4.41,594.82,2.45,594.8,2.45
1715247435295,1715247435227956000,BINANCE,BNBUSDT,594.85,8.12,594.86,4.6,594.87,4.67,594.88,7.49,594.89,4.41,594.9,2.45,594.91,29.39,594.92,44.53,594.93,3.09,594.94,5.84,594.84,7.8,594.83,0.06,594.82,2.45,594.8,2.45,594.79,4.45,594.77,0.07,594.76,6.87,594.75,1.8,594.74,3.24,594.73,7.47
1715247435578,1715247435510039000,BINANCE,BNBUSDT,594.89,33.93,594.9,4.99,594.91,9.39,594.92,6.16,594.94,3.12,594.95,7.09,594.96,12.53,594.97,8.96,594.98,10.55,594.99,15.86,594.88,15.7,594.87,4.2,594.85,7.53,594.84,5.31,594.83,0.06,594.82,2.45,594.8,2.45,594.79,4.45,594.77,0.07,594.76,6.87
1715247435827,1715247435760231000,BINANCE,BNBUSDT,594.89,33.71,594.9,2.45,594.91,13.68,594.92,16.24,594.93,1.21,594.94,11.38,594.95,15.12,594.96,7.49,594.97,8.96,594.98,10.55,594.88,6.31,594.84,3.98,594.83,4.76,594.82,2.45,594.8,2.45,594.79,4.45,594.77,0.07,594.76,6.87,594.75,1.8,594.74,3.22
1715247436103,1715247436046772000,BINANCE,BNBUSDT,594.89,20.29,594.9,22.48,594.91,16.51,594.92,21.76,594.93,18.3,594.94,63.35,594.95,32.98,594.96,20.38,594.97,27.48,594.98,2.49,594.88,3.9,594.85,2.1,594.84,2.45,594.83,4.7,594.82,2.45,594.8,2.45,594.79,3.78,594.77,0.84,594.76,2.78,594.75,2.64
1715247436359,1715247436293568000,BINANCE,BNBUSDT,594.89,23.6,594.9,20.74,594.91,13.96,594.92,28.63,594.93,16.4,594.94,12.34,594.95,6.96,594.96,22.23,594.97,27.48,594.98,2.6,594.88,9.42,594.85,2.1,594.84,2.45,594.83,4.7,594.82,2.45,594.8,2.45,594.79,3.78,594.77,2.36,594.76,6.85,594.75,1.8
1715247436623,1715247436555632000,BINANCE,BNBUSDT,594.89,22.81,594.9,20.74,594.91,13.96,594.92,38.71,594.93,21.44,594.94,12.34,594.95,17.04,594.96,27.27,594.97,14.03,594.98,2.6,594.88,9.84,594.85,2.1,594.84,2.45,594.83,4.7,594.82,2.45,594.8,2.45,594.79,4.45,594.77,3.2,594.76,6.85,594.75,2.64
1715247436890,1715247436815777000,BINANCE,BNBUSDT,594.94,3.25,594.95,8.91,594.96,17.37,594.97,4.73,594.98,15.3,594.99,13.85,595,18.01,595.01,7.9,595.02,1.73,595.03,4.07,594.93,11.42,594.92,25.46,594.91,6.6,594.9,7.8,594.89,16.39,594.88,6.91,594.86,4.51,594.85,2.77,594.84,2.45,594.83,4.81
1715247437141,1715247437068004000,BINANCE,BNBUSDT,594.94,6.53,594.95,0.01,594.96,7.29,594.97,4.73,594.98,11.44,594.99,13.85,595,23.05,595.01,18.14,595.02,7.68,595.03,4.07,594.93,5.71,594.92,7.13,594.91,5.16,594.9,7.8,594.89,16.39,594.88,6.49,594.86,4.53,594.85,2.77,594.84,2.47,594.83,4.81
1715247437395,1715247437320900000,BINANCE,BNBUSDT,594.97,5.82,594.98,2.6,594.99,8.8,595,3.89,595.01,15.05,595.02,7.61,595.03,9.11,595.04,10.62,595.05,1,595.06,32.23,594.96,9.16,594.95,10.36,594.94,19.4,594.93,9.05,594.92,8.9,594.91,5.34,594.9,7.8,594.89,20.98,594.88,7.16,594.86,4.53
1715247437654,1715247437586999000,BINANCE,BNBUSDT,594.97,4.94,594.98,2.6,594.99,3.96,595,7.24,595.01,15.05,595.02,5.89,595.03,11.96,595.04,15.66,595.05,1,595.06,32.23,594.96,13.38,594.95,5.71,594.94,10.35,594.93,4.69,594.92,8.9,594.91,4.67,594.9,7.8,594.89,20.98,594.88,7.16,594.86,4.53
1715247437919,1715247437850215000,BINANCE,BNBUSDT,594.97,9.4,594.98,5.6,594.99,3.96,595,32.74,595.01,63.06,595.02,0.85,595.03,17.84,595.04,7.78,595.05,1,595.06,33.3,594.96,0.98,594.93,0.02,594.9,7.8,594.89,9.25,594.88,4.69,594.86,4.53,594.85,0.67,594.84,2.46,594.83,4.81,594.82,3.12
1715247438200,1715247438149093000,BINANCE,BNBUSDT,594.97,8.9,594.98,5.6,594.99,3.96,595,36.73,595.01,63.06,595.02,0.85,595.03,17.84,595.04,8.77,595.05,1,595.06,59.33,594.96,0.8,594.93,0.02,594.9,7.8,594.89,9.27,594.88,4.69,594.86,4.53,594.85,0.67,594.84,4.73,594.83,6.81,594.82,3.12
1715247438474,1715247438412291000,BINANCE,BNBUSDT,594.89,19.33,594.9,5.45,594.91,14.32,594.92,28.89,594.93,37.62,594.94,16.28,594.95,27.05,594.96,19.66,594.97,25.15,594.98,8.26,594.88,2.24,594.86,0.02,594.84,2.46,594.83,4.7,594.82,3.12,594.8,6.36,594.79,0.67,594.78,2.1,594.77,2.17,594.76,7.21
1715247438707,1715247438664669000,BINANCE,BNBUSDT,594.89,25.81,594.9,5.46,594.91,9.72,594.92,10.5,594.93,11.8,594.94,16.28,594.95,27.05,594.96,19.66,594.97,25.12,594.98,8.26,594.88,6.16,594.86,0.02,594.84,2.46,594.83,4.7,594.82,3.12,594.81,2.16,594.8,6.36,594.79,0.67,594.78,4.43,594.77,7.09
1715247438994,1715247438925036000,BINANCE,BNBUSDT,594.88,2.65,594.89,0.2,594.9,2.45,594.91,6.86,594.92,8.81,594.94,4.93,594.96,11.26,594.97,20.04,594.98,2.6,594.99,3.95,594.87,14.76,594.86,18.51,594.85,12.71,594.84,15.82,594.83,14.9,594.82,11.79,594.8,2.45,594.79,0.67,594.78,2.33,594.77,4.99
1715247439244,1715247439175925000,BINANCE,BNBUSDT,594.88,9.28,594.89,0.21,594.9,2.45,594.91,7.54,594.92,13.85,594.93,6.41,594.94,20.05,594.96,11.28,594.97,18.95,594.98,2.6,594.87,5.09,594.86,11.36,594.85,12.04,594.84,14.47,594.83,14.9,594.82,11.79,594.8,2.47,594.79,0.67,594.78,2.33,594.77,4.99
1715247439552,1715247439499362000,BINANCE,BNBUSDT,594.88,9.37,594.89,0.02,594.9,2.45,594.91,6.86,594.92,8.81,594.93,3.17,594.94,4.93,594.95,0.01,594.96,8.75,594.97,5.5,594.87,28.2,594.86,2.67,594.85,4.02,594.84,5.8,594.83,12.53,594.82,11.79,594.8,2.47,594.79,0.67,594.78,2.33,594.77,4.15
1715247439814,1715247439749543000,BINANCE,BNBUSDT,594.88,5.34,594.89,0.02,594.9,2.45,594.91,6.86,594.92,8.81,594.93,3.17,594.94,4.93,594.96,8.75,594.97,5.5,594.98,2.6,594.87,28.12,594.86,2.67,594.85,4.02,594.84,5.8,594.83,12.53,594.82,11.79,594.8,2.47,594.79,0.67,594.78,2.33,594.77,4.15
1715247440079,1715247440007489000,BINANCE,BNBUSDT,594.88,9.23,594.89,0.02,594.9,2.45,594.91,6.86,594.92,8.81,594.93,3.17,594.94,4.93,594.96,8.75,594.97,15.5,594.98,2.6,594.87,28.1,594.86,2.67,594.85,0.67,594.84,5.8,594.83,13.85,594.82,15.89,594.8,2.47,594.79,0.67,594.78,2.1,594.77,4.99
1715247440331,1715247440263445000,BINANCE,BNBUSDT,594.88,3.55,594.89,0.02,594.9,2.46,594.91,8.99,594.92,21.89,594.93,1.09,594.94,14.1,594.95,15.28,594.96,8.75,594.97,7.5,594.87,24.1,594.86,2.67,594.85,1.91,594.84,5.8,594.83,13.85,594.82,15.89,594.8,2.47,594.79,4.89,594.78,2.1,594.77,4.15
1715247440582,1715247440542643000,BINANCE,BNBUSDT,594.88,2.98,594.89,0.02,594.9,2.46,594.91,8.99,594.92,13.85,594.93,1.09,594.94,14.1,594.95,15.28,594.96,8.75,594.97,10.5,594.87,25.18,594.86,2.67,594.85,1.9,594.84,5.8,594.83,13.85,594.82,15.89,594.8,2.47,594.79,4.89,594.78,2.1,594.77,4.99
1715247440968,1715247440901630000,BINANCE,BNBUSDT,594.88,3.04,594.89,0.02,594.9,2.46,594.91,9.66,594.92,13.85,594.93,8.83,594.94,9.97,594.95,12.12,594.96,13.79,594.97,10.5,594.87,25,594.86,2.67,594.85,1.9,594.84,5.8,594.83,13.85,594.82,15.89,594.8,2.47,594.79,4.89,594.78,2.1,594.77,4.15
1715247441231,1715247441165010000,BINANCE,BNBUSDT,594.88,7.11,594.89,0.02,594.9,2.46,594.91,9.66,594.92,18.89,594.93,6.13,594.94,14.59,594.95,17.16,594.96,8.75,594.97,10.5,594.87,29.2,594.86,2.67,594.85,1.9,594.84,5.8,594.83,13.85,594.82,15.89,594.81,0.02,594.8,2.47,594.79,4.89,594.78,2.1
1715247441498,1715247441432267000,BINANCE,BNBUSDT,594.88,1.01,594.89,0.02,594.9,2.45,594.91,13.76,594.92,14.13,594.93,6.13,594.94,12.79,594.95,11.92,594.96,13.79,594.97,5.5,594.87,30.89,594.86,2.67,594.85,2.57,594.84,5.8,594.83,13.85,594.82,15.89,594.81,0.02,594.8,2.47,594.79,4.89,594.78,2.1
1715247441749,1715247441685548000,BINANCE,BNBUSDT,594.96,2.62,594.97,0.7,594.98,4.66,594.99,3.96,595,7.24,595.01,6.38,595.02,6.85,595.03,6.75,595.04,7.67,595.05,10.84,594.95,35.32,594.94,11.53,594.93,20.85,594.92,18.39,594.91,13.68,594.9,16.12,594.89,13.72,594.88,14.79,594.87,3.27,594.86,5.45
1715247442021,1715247441962778000,BINANCE,BNBUSDT,594.96,2.69,594.97,0.04,594.98,7.08,594.99,13.95,595,12.28,595.01,11.42,595.02,11.85,595.03,16.85,595.04,18.28,595.05,26.87,594.95,37.24,594.94,8.57,594.93,13.68,594.92,17.39,594.91,20.21,594.9,20.6,594.89,18.54,594.88,13.59,594.87,1.82,594.86,5.45
1715247442299,1715247442231183000,BINANCE,BNBUSDT,594.96,2.72,594.97,0.03,594.98,7.08,594.99,13.95,595,12.28,595.01,11.42,595.02,11.85,595.03,16.01,595.04,18.28,595.05,26.03,594.95,37.27,594.94,8.57,594.93,13.68,594.92,17.39,594.91,20.21,594.9,20.6,594.89,18.54,594.88,13.59,594.87,6.11,594.86,5.45
1715247442614,1715247442577557000,BINANCE,BNBUSDT,594.96,9.31,594.97,0.06,594.98,10.08,594.99,14.62,595,9.6,595.01,16.35,595.02,18.58,595.03,21.05,595.04,10.24,595.05,26.03,594.95,30.06,594.94,5.77,594.93,4.05,594.92,17.39,594.91,20.21,594.9,20.6,594.89,19.21,594.88,11.79,594.87,5.78,594.86,5.45
1715247442907,1715247442847872000,BINANCE,BNBUSDT,594.96,9.31,594.97,0.74,594.98,10.08,594.99,14.62,595,34.58,595.01,16.35,595.02,19.17,595.03,21.25,595.04,1.72,595.06,10.32,594.95,28.86,594.94,5.77,594.93,4.05,594.92,17.39,594.91,19.54,594.9,20.6,594.89,19.21,594.88,11.79,594.87,5.78,594.86,5.45
1715247443182,1715247443122539000,BINANCE,BNBUSDT,594.97,0.06,594.98,2.45,594.99,3.95,595,8.93,595.01,15.13,595.02,19.61,595.03,17.05,595.04,6.76,595.05,0.84,595.06,15.32,594.96,51.53,594.95,9.47,594.94,7.02,594.93,4.72,594.92,17.39,594.91,20.21,594.9,20.6,594.89,19.21,594.88,11.79,594.87,11.45
1715247443434,1715247443370978000,BINANCE,BNBUSDT,594.99,2.47,595,8.3,595.01,7.05,595.02,2.81,595.03,17.51,595.04,6.76,595.05,6.68,595.06,27.26,595.07,26.36,595.08,10.81,594.98,35.82,594.97,4.61,594.96,17.07,594.95,8.37,594.94,7.02,594.93,8.79,594.92,17.39,594.91,20.21,594.9,20.6,594.89,14.39
1715247443682,1715247443620215000,BINANCE,BNBUSDT,594.99,2.55,595,8.3,595.01,7.05,595.02,5.13,595.03,17.51,595.04,5.92,595.05,7.52,595.06,27.26,595.07,26.36,595.08,10.81,594.98,41.55,594.97,4.61,594.96,15.87,594.95,3.84,594.94,7.02,594.93,8.79,594.92,17.39,594.91,20.21,594.9,25.3,594.89,14.39
1715247443970,1715247443903589000,BINANCE,BNBUSDT,594.99,9.98,595,9.3,595.01,7.05,595.02,10.97,595.03,17.51,595.04,5.92,595.05,7.52,595.06,31.83,595.07,21.32,595.08,10.81,594.98,34.7,594.95,0.9,594.94,2.45,594.93,4.07,594.92,8.34,594.91,10.49,594.9,25.3,594.89,13.72,594.88,2.45,594.87,6.45
1715247444232,1715247444170114000,BINANCE,BNBUSDT,594.99,11.78,595,9.3,595.01,7.05,595.02,16.89,595.03,46.54,595.04,5.92,595.05,7.52,595.06,31.99,595.07,26.98,595.08,7.81,594.98,37.56,594.95,0.9,594.94,2.45,594.93,4.07,594.92,3.71,594.91,10.49,594.9,25.3,594.89,14.39,594.88,2.45,594.87,6.45
1715247444542,1715247444481624000,BINANCE,BNBUSDT,594.99,11.78,595,9.3,595.01,7.05,595.02,16.89,595.03,51.58,595.04,5.92,595.05,7.52,595.06,31.99,595.07,27.65,595.08,7.81,594.98,35.97,594.95,0.9,594.93,4.07,594.92,3.71,594.91,11.16,594.9,25.3,594.89,14.39,594.88,2.45,594.87,6.45,594.86,2.67
1715247444861,1715247444790137000,BINANCE,BNBUSDT,594.99,11.94,595,9.3,595.01,7.05,595.02,16.89,595.03,51.58,595.04,5.92,595.05,8.19,595.06,31.99,595.07,27.65,595.08,7.81,594.98,35.98,594.95,0.9,594.93,4.07,594.92,3.71,594.91,11.16,594.9,25.3,594.89,14.39,594.88,2.45,594.87,6.45,594.86,2.67
1715247445238,1715247445174917000,BINANCE,BNBUSDT,594.99,10.6,595,9.3,595.01,7.05,595.02,16.89,595.03,46.54,595.04,5.92,595.05,8.19,595.06,26.95,595.07,27.65,595.08,7.81,594.98,22.63,594.95,0.9,594.93,4.07,594.92,2.48,594.91,10.49,594.9,25.3,594.89,14.39,594.88,2.45,594.87,6.45,594.86,2.67
1715247445496,1715247445439272000,BINANCE,BNBUSDT,594.99,10.01,595,7.34,595.01,10.29,595.02,21.93,595.03,46.54,595.04,5.92,595.05,8.19,595.06,31.99,595.07,27.65,595.08,7.81,594.98,23.51,594.95,0.9,594.93,4.07,594.92,2.45,594.91,11.16,594.9,25.3,594.89,14.39,594.88,2.45,594.87,6.45,594.86,2.67
1715247445764,1715247445708935000,BINANCE,BNBUSDT,594.99,7.36,595,7.34,595.01,10.29,595.02,21.88,595.03,50.53,595.04,5.92,595.05,3.19,595.06,31.99,595.07,27.65,595.08,7.81,594.98,24.01,594.95,0.9,594.94,1.05,594.93,4.07,594.92,2.45,594.91,11.16,594.9,25.3,594.89,14.39,594.88,2.45,594.87,6.45
1715247446058,1715247445991921000,BINANCE,BNBUSDT,595,7.34,595.01,6.38,595.02,11.05,595.03,13.31,595.04,35.94,595.05,8.23,595.06,11.87,595.07,37.11,595.08,10.81,595.09,10.63,594.99,40.43,594.98,3.56,594.97,0.67,594.95,1.57,594.94,2.37,594.93,4.74,594.92,2.46,594.91,11.16,594.9,20.6,594.89,5.74
1715247446336,1715247446269164000,BINANCE,BNBUSDT,595.01,1.59,595.02,1.89,595.03,10.12,595.04,10.12,595.05,5.71,595.06,11.85,595.07,16.88,595.08,9.55,595.09,8.95,595.1,26.11,595,33.94,594.99,28.78,594.98,2.95,594.97,0.67,594.95,1.57,594.94,2.37,594.93,4.74,594.92,2.46,594.91,11.16,594.9,11.95
1715247446595,1715247446522234000,BINANCE,BNBUSDT,595.08,7.3,595.09,2.95,595.1,0.18,595.11,0.67,595.12,7.52,595.13,0.67,595.14,2.04,595.15,6.21,595.16,24.43,595.17,0.06,595.07,49.51,595.06,12.02,595.05,7.26,595.04,7.18,595.03,14.33,595.02,16.28,595.01,27.1,595,22.79,594.99,18.49,594.98,8.61
1715247446852,1715247446780588000,BINANCE,BNBUSDT,595.08,9.47,595.09,2.95,595.1,0.18,595.11,0.67,595.12,27.46,595.13,7.9,595.14,18.04,595.15,18.47,595.16,30.52,595.17,25.04,595.07,32.94,595.06,3.61,595.04,7.18,595.03,8.5,595.02,16.37,595.01,21.81,595,17.87,594.99,14.16,594.98,8.61,594.97,0.67
1715247447103,1715247447038163000,BINANCE,BNBUSDT,595.08,14.82,595.09,2.95,595.1,3.38,595.11,26.56,595.12,58.53,595.13,0.67,595.14,13.08,595.15,19.78,595.16,27.52,595.17,0.06,595.07,9.59,595.06,0.16,595.03,2.22,595.02,6.92,595.01,0.08,595,13.14,594.99,13.68,594.98,2.95,594.97,2.23,594.96,4.78
1715247447363,1715247447297845000,BINANCE,BNBUSDT,595,21.13,595.01,17.55,595.02,11.24,595.03,10.1,595.04,27.23,595.05,16.09,595.06,24.56,595.07,23.94,595.08,11.74,595.09,2.95,594.99,9.5,594.98,2.95,594.96,4.76,594.95,0.92,594.94,2.82,594.93,5.28,594.92,2.46,594.91,3.65,594.9,11.66,594.89,5.74
1715247447633,1715247447566362000,BINANCE,BNBUSDT,595,21.07,595.01,17.55,595.02,11.24,595.03,11.1,595.04,27.23,595.05,16.09,595.06,20.46,595.07,23.94,595.08,11.21,595.09,2.95,594.99,10.45,594.98,2.95,594.96,4.76,594.95,0.92,594.94,2.82,594.93,5.28,594.92,2.46,594.91,3.65,594.9,11.66,594.89,5.74
1715247447892,1715247447838460000,BINANCE,BNBUSDT,595,5.59,595.01,0.67,595.02,7.19,595.03,8.13,595.04,22.42,595.05,9.48,595.06,20.46,595.07,24.1,595.08,14.21,595.09,2.95,594.99,14.94,594.98,2.95,594.97,0.67,594.96,4.76,594.95,1.59,594.94,2.82,594.93,5.28,594.92,2.46,594.91,3.62,594.9,11.66
1715247448158,1715247448092481000,BINANCE,BNBUSDT,595,9.56,595.01,0.67,595.02,7.19,595.03,8.13,595.04,17.38,595.05,14.52,595.06,15.42,595.07,24.1,595.08,14.23,595.09,2.95,594.99,15.43,594.98,2.95,594.96,4.76,594.95,1.59,594.94,2.82,594.93,5.28,594.92,2.46,594.91,3.62,594.9,14.95,594.89,5.76
1715247448418,1715247448371309000,BINANCE,BNBUSDT,595,9.31,595.01,0.67,595.02,7.19,595.03,8.13,595.04,17.38,595.05,14.52,595.06,15.42,595.07,24.1,595.08,14.23,595.09,2.95,594.99,15.34,594.98,2.95,594.96,4.76,594.95,1.59,594.94,2.82,594.93,5.28,594.92,2.46,594.91,3.65,594.9,15.79,594.89,5.76
1715247448693,1715247448639729000,BINANCE,BNBUSDT,595,9.65,595.01,0.67,595.02,7.19,595.03,8.13,595.04,17.38,595.05,9.48,595.06,20.46,595.07,24.1,595.08,14.23,595.09,2.95,594.99,11.16,594.98,2.95,594.96,4.76,594.95,0.92,594.94,2.82,594.93,5.28,594.92,2.46,594.91,3.65,594.9,14.95,594.89,5.76
1715247448973,1715247448919040000,BINANCE,BNBUSDT,595,11.72,595.01,0.67,595.02,7.19,595.03,13.13,595.04,42.36,595.05,9.48,595.06,15.42,595.07,24.1,595.08,16.58,595.09,2.95,594.99,11.16,594.98,0.5,594.97,1.46,594.96,4.76,594.95,0.9,594.94,2.82,594.93,4.61,594.92,2.46,594.91,3.65,594.9,14.95
1715247449220,1715247449155605000,BINANCE,BNBUSDT,595,7.53,595.01,0.67,595.02,7.19,595.03,17.8,595.04,22.42,595.05,9.48,595.06,23.48,595.07,29.76,595.08,13.58,595.09,2.95,594.99,11.18,594.98,0.5,594.97,1.46,594.96,4.76,594.95,0.9,594.94,2.82,594.93,4.61,594.92,2.46,594.91,3.62,594.9,15.79
1715247449497,1715247449429005000,BINANCE,BNBUSDT,595,8.35,595.01,0.67,595.02,7.19,595.03,17.8,595.04,22.42,595.05,9.48,595.06,18.67,595.07,29.76,595.08,13.58,595.09,2.95,594.99,11.55,594.98,2.95,594.97,1.46,594.96,4.76,594.95,0.9,594.94,2.82,594.93,5.28,594.92,2.46,594.91,3.62,594.9,15.79
1715247449841,1715247449772770000,BINANCE,BNBUSDT,595,8.41,595.01,0.67,595.02,7.19,595.03,8.97,595.04,18.37,595.05,9.48,595.06,18.67,595.07,24.1,595.08,13.58,595.09,5.31,594.99,15.91,594.98,2.95,594.97,1.46,594.96,4.76,594.95,1.57,594.94,2.82,594.93,5.28,594.92,2.46,594.91,3.62,594.9,15.79
1715247450114,1715247450048809000,BINANCE,BNBUSDT,595,8.41,595.01,0.67,595.02,7.19,595.03,8.13,595.04,18.37,595.05,9.48,595.06,13.63,595.07,29.14,595.08,13.58,595.09,5.31,594.99,15.91,594.98,2.95,594.97,1.46,594.96,4.76,594.95,1.57,594.94,2.82,594.93,5.28,594.92,2.46,594.91,3.62,594.9,15.79
1715247450375,1715247450321748000,BINANCE,BNBUSDT,595,9.91,595.01,0.67,595.02,7.19,595.03,8.71,595.04,13.33,595.05,9.48,595.06,13.63,595.07,28.14,595.08,13.58,595.09,5.31,594.99,15.93,594.98,2.95,594.97,1.46,594.96,4.76,594.95,1.57,594.94,2.82,594.93,5.28,594.92,2.46,594.91,3.62,594.9,15.79
1715247450664,1715247450591979000,BINANCE,BNBUSDT,594.97,32.14,594.98,14.33,594.99,21.45,595,26.41,595.01,16.59,595.02,42.4,595.03,56.75,595.04,34.9,595.05,9.48,595.06,4.08,594.96,4.79,594.95,0.9,594.93,4.61,594.92,2.45,594.91,4.41,594.9,13.49,594.89,5.09,594.88,3.45,594.87,5.38,594.86,2.45
1715247450920,1715247450847726000,BINANCE,BNBUSDT,594.97,27.04,594.98,10.28,594.99,17.4,595,21.53,595.01,16.59,595.02,42.4,595.03,61.8,595.04,35.04,595.05,9.48,595.06,4.08,594.96,4.73,594.95,0.9,594.93,4.61,594.92,2.45,594.91,2.16,594.9,8.49,594.89,5.76,594.88,3.45,594.87,6.05,594.86,2.45
1715247451234,1715247451183992000,BINANCE,BNBUSDT,594.97,27.48,594.98,10.28,594.99,17.4,595,21.95,595.01,16.59,595.02,42.4,595.03,61.8,595.04,35.04,595.05,9.48,595.06,4.08,594.96,4.73,594.95,0.9,594.93,4.61,594.92,2.45,594.91,2.16,594.9,8.49,594.89,5.07,594.88,3.45,594.87,5.29,594.86,2.45
1715247451518,1715247451445538000,BINANCE,BNBUSDT,595.01,4.94,595.02,2.45,595.03,0.71,595.04,13.27,595.05,18.43,595.06,13.25,595.07,9.5,595.08,12.61,595.09,13.3,595.1,38.63,595,7.58,594.99,2.15,594.98,7.35,594.97,13,594.96,10.45,594.95,0.9,594.94,3.9,594.93,4.61,594.92,2.45,594.91,2.83
1715247451770,1715247451696274000,BINANCE,BNBUSDT,595.01,4.91,595.02,2.45,595.03,0.72,595.04,14.09,595.05,18.43,595.06,13.25,595.07,4.46,595.08,17.65,595.09,13.29,595.1,38.63,595,7.25,594.99,2.15,594.98,7.35,594.97,13,594.96,10.45,594.95,0.9,594.94,3.9,594.93,5.28,594.92,2.45,594.91,2.83
1715247452066,1715247451992658000,BINANCE,BNBUSDT,595.01,6.71,595.02,2.45,595.03,0.72,595.04,28.07,595.05,63.35,595.06,13.25,595.07,4.46,595.08,19.31,595.09,13.29,595.1,38.63,595,6.36,594.99,2.15,594.98,4.81,594.97,13,594.96,9.55,594.95,0.9,594.94,3.9,594.93,4.61,594.92,2.45,594.91,2.83
1715247452317,1715247452257283000,BINANCE,BNBUSDT,595.01,0.84,595.02,2.45,595.03,0.71,595.04,23.07,595.05,18.43,595.06,13.25,595.07,9.5,595.08,14.27,595.09,5.31,595.1,12.6,595,15.7,594.99,0.03,594.98,4.81,594.97,8.17,594.96,9.55,594.95,1.57,594.94,3.9,594.93,5.28,594.92,2.45,594.91,2.83
1715247452583,1715247452513512000,BINANCE,BNBUSDT,595.01,0.74,595.02,2.45,595.03,0.71,595.04,11.6,595.05,18.43,595.06,13.25,595.07,4.46,595.08,19.31,595.09,5.31,595.1,12.6,595,29.08,594.98,4.81,594.97,8.17,594.96,9.55,594.95,1.57,594.94,3.9,594.93,5.28,594.92,2.45,594.91,2.83,594.9,8.49
1715247452868,1715247452797409000,BINANCE,BNBUSDT,595.02,2.45,595.03,0.71,595.04,6.61,595.05,14.38,595.06,13.25,595.07,4.46,595.08,19.31,595.09,5.31,595.1,12.6,595.11,0.67,595.01,3.07,595,29.08,594.99,0.67,594.98,4.81,594.97,8.84,594.96,9.55,594.95,1.57,594.94,3.9,594.93,5.28,594.92,2.45
1715247453120,1715247453054746000,BINANCE,BNBUSDT,595.05,0.01,595.06,0.03,595.08,3.25,595.09,4.64,595.1,12.76,595.11,5.92,595.12,23.73,595.13,5,595.14,8.72,595.15,31.1,595.04,37.54,595.03,13.62,595.02,12.59,595.01,20.9,595,24.79,594.99,5.22,594.98,8.13,594.97,13.44,594.96,14.24,594.95,1.61
1715247453380,1715247453320099000,BINANCE,BNBUSDT,595.06,2.45,595.07,11.23,595.08,12.15,595.09,0.01,595.1,0.3,595.11,0.68,595.12,4.3,595.13,9.6,595.14,6.46,595.15,4.82,595.05,11.48,595.04,14.56,595.03,9.85,595.02,16.37,595.01,17.24,595,10.3,594.99,5.22,594.98,8.11,594.97,5.67,594.96,7.42
1715247453634,1715247453583861000,BINANCE,BNBUSDT,595.07,1.58,595.08,12.12,595.09,2.48,595.1,2.75,595.11,1.51,595.12,9.3,595.13,17.05,595.14,9.83,595.15,26.99,595.16,7.23,595.06,27.15,595.05,0.91,595.04,12.28,595.03,14.48,595.02,16.69,595.01,16.76,595,10.3,594.99,5.22,594.98,8.11,594.97,5.67
1715247453920,1715247453858237000,BINANCE,BNBUSDT,595.1,0.3,595.12,3.86,595.13,7.2,595.14,0.01,595.15,2.96,595.16,4.14,595.17,8.06,595.18,6.01,595.19,4.93,595.2,9.88,595.09,6.88,595.08,17.28,595.07,20.46,595.06,20.6,595.05,2.02,595.04,12.28,595.03,15.82,595.02,16.37,595.01,16.76,595,13.44
1715247454172,1715247454099419000,BINANCE,BNBUSDT,595.13,1.49,595.14,10.09,595.15,5.8,595.16,8.33,595.17,13.13,595.18,0.01,595.19,9.92,595.2,10.87,595.21,11.25,595.22,25,595.12,16.94,595.11,4.09,595.1,23.67,595.09,39.85,595.08,9.64,595.07,16.76,595.06,7.27,595.05,6.11,595.04,12.32,595.03,13.33
1715247454421,1715247454369043000,BINANCE,BNBUSDT,595.13,6.77,595.14,2.46,595.15,0.76,595.16,8.33,595.17,13.13,595.18,5.05,595.19,13.4,595.2,21.11,595.21,11.25,595.22,25,595.12,18.61,595.11,3.42,595.1,19.62,595.09,35.5,595.08,9.09,595.07,16.53,595.06,7.27,595.05,11.94,595.04,17.94,595.03,10.52
1715247454688,1715247454622226000,BINANCE,BNBUSDT,595.13,2.72,595.14,2.46,595.15,0.76,595.16,8.33,595.17,13.13,595.18,5.05,595.19,13.24,595.2,21.11,595.21,11.25,595.22,25,595.12,33.06,595.11,3.42,595.1,19.62,595.09,21.45,595.08,9.09,595.07,16.53,595.06,7.27,595.05,11.94,595.04,17.94,595.03,10.52
1715247454971,1715247454911127000,BINANCE,BNBUSDT,595.13,11.72,595.14,2.46,595.15,0.76,595.16,8.33,595.17,13.13,595.18,5.06,595.19,14.07,595.2,21.11,595.21,11.25,595.22,23,595.12,16.51,595.11,1.24,595.1,19.62,595.09,15.62,595.08,9.09,595.07,15.86,595.06,7.27,595.05,10.12,595.04,17.94,595.03,10.52
1715247455216,1715247455156937000,BINANCE,BNBUSDT,595.13,14.61,595.14,2.46,595.15,3.86,595.16,26.19,595.17,55.05,595.18,6.16,595.19,8.26,595.2,16.07,595.21,11.25,595.22,49.03,595.12,1.32,595.07,7.19,595.06,7.27,595.05,10.17,595.04,12.28,595.03,9.84,595.02,6.53,595.01,1.22,595,4.63,594.99,5.22
1715247455471,1715247455408808000,BINANCE,BNBUSDT,595.04,10.03,595.05,24.73,595.06,16.92,595.07,32.17,595.08,85.95,595.09,11.51,595.1,27.86,595.11,28.73,595.12,65.97,595.13,10.61,595.03,0.01,595,2.18,594.99,4.56,594.98,4.32,594.97,5,594.96,6.88,594.95,1.61,594.93,2.77,594.92,2.45,594.91,2.11
1715247455757,1715247455697807000,BINANCE,BNBUSDT,595.01,10.61,595.02,2.45,595.03,12.22,595.04,15,595.05,77.54,595.06,16.92,595.07,57.15,595.08,49.92,595.09,0.68,595.1,38.56,595,5.24,594.99,0.99,594.98,4.32,594.97,5,594.96,6.88,594.95,1.61,594.94,1.8,594.93,5.25,594.92,3.6,594.91,2.11
1715247456015,1715247455951077000,BINANCE,BNBUSDT,595.01,14.08,595.02,2.46,595.03,12.22,595.04,14.57,595.05,58.65,595.06,18.97,595.07,57.15,595.08,51.74,595.09,0.68,595.1,17.08,595,5.31,594.99,0.99,594.98,4.32,594.97,5,594.96,6.88,594.95,0.94,594.94,1.8,594.93,5.26,594.92,3.6,594.91,4.11
1715247456294,1715247456231467000,BINANCE,BNBUSDT,595.01,10.58,595.02,2.45,595.03,4.94,595.04,8.43,595.05,19.51,595.06,18.97,595.07,32.17,595.08,27.91,595.09,0.68,595.1,15.93,595,9.59,594.99,1.66,594.98,4.32,594.97,5.67,594.96,6.88,594.95,1.61,594.94,1.8,594.93,5.26,594.92,2.45,594.91,4.11
1715247456563,1715247456492868000,BINANCE,BNBUSDT,595.01,0.9,595.03,0.67,595.04,8.35,595.05,14.55,595.06,17.17,595.07,32.17,595.08,29.22,595.09,5.05,595.1,13.83,595.11,3.48,595,12.67,594.99,1.66,594.98,4.32,594.97,5.67,594.96,7.04,594.95,1.61,594.94,1.8,594.93,5.26,594.92,2.45,594.91,4.14
1715247456821,1715247456748771000,BINANCE,BNBUSDT,595.01,0.86,595.02,2.45,595.03,0.67,595.04,7.8,595.05,10.5,595.06,17.17,595.07,27.13,595.08,31.17,595.09,5.05,595.1,13.83,595,11.63,594.99,1.66,594.98,4.32,594.97,5.67,594.96,7.04,594.95,1.61,594.94,1.8,594.93,5.26,594.92,2.45,594.91,4.14
1715247457101,1715247457044171000,BINANCE,BNBUSDT,595.01,0.86,595.04,7.8,595.05,9.83,595.06,17.17,595.07,27.13,595.08,31.17,595.09,5.05,595.1,13.83,595.11,3.48,595.12,1.15,595,11.64,594.99,1.66,594.98,4.32,594.97,5.67,594.96,7.04,594.95,1.61,594.94,1.82,594.93,5.26,594.92,2.45,594.91,4.14
1715247457374,1715247457302531000,BINANCE,BNBUSDT,595.01,4.18,595.02,2.45,595.03,0.67,595.04,7.8,595.05,10.5,595.06,17.17,595.07,27.13,595.08,31.17,595.09,5.05,595.1,13.83,595,11.32,594.99,1.66,594.98,4.32,594.97,5.67,594.96,7.04,594.95,1.61,594.94,1.82,594.93,5.26,594.92,2.45,594.91,4.14
1715247457640,1715247457566168000,BINANCE,BNBUSDT,595.06,0.01,595.07,12.65,595.08,16.59,595.09,5.05,595.1,18.87,595.11,2.48,595.12,8.74,595.13,3.42,595.14,4.23,595.15,6.2,595.05,27.55,595.04,14.27,595.03,16.12,595.02,12.17,595.01,23.15,595,8.21,594.99,6.02,594.98,4.32,594.97,5.67,594.96,7.04
1715247457893,1715247457819512000,BINANCE,BNBUSDT,595.09,0.01,595.1,5.06,595.11,3.12,595.12,7.59,595.13,6.66,595.14,2.46,595.15,8.69,595.16,12.15,595.17,0.05,595.18,2.11,595.08,31.86,595.07,21.76,595.06,21.23,595.05,15.4,595.04,17.99,595.03,14.32,595.02,19.06,595.01,19.23,595,11.15,594.99,6.02
1715247458165,1715247458098671000,BINANCE,BNBUSDT,595.11,9.91,595.12,5.12,595.13,8.7,595.14,21.37,595.15,31.83,595.16,14.09,595.17,6.74,595.18,5.22,595.19,9.5,595.2,34.03,595.1,5.09,595.08,0.08,595.07,9.93,595.06,17.15,595.05,18.66,595.04,12.17,595.03,14.32,595.02,17.63,595.01,19.33,595,2.51
1715247458447,1715247458372115000,BINANCE,BNBUSDT,595.11,7.91,595.12,5.12,595.13,4.76,595.14,21.37,595.15,10.84,595.16,14.09,595.17,7.89,595.18,5.22,595.19,15.74,595.2,34.03,595.1,5.27,595.08,0.08,595.07,9.79,595.06,17.15,595.05,18.66,595.04,12.17,595.03,14.32,595.02,17.63,595.01,19.33,595,2.51
1715247458698,1715247458625908000,BINANCE,BNBUSDT,595.11,9.8,595.12,5.12,595.13,4.76,595.14,11.3,595.15,14.77,595.16,14.09,595.17,7.89,595.18,5.21,595.19,15.74,595.2,34.03,595.1,5.3,595.08,0.11,595.07,9.79,595.06,17.15,595.05,19.33,595.04,12.17,595.03,14.32,595.02,17.63,595.01,19.33,595,2.51
1715247458958,1715247458901499000,BINANCE,BNBUSDT,595.11,2.24,595.12,2.55,595.13,4.09,595.14,5.46,595.15,14.77,595.16,11,595.17,7.89,595.18,5.21,595.19,11.41,595.2,34.03,595.1,16.11,595.09,0.67,595.08,0.03,595.07,10.46,595.06,17.15,595.05,19.33,595.04,12.17,595.03,14.32,595.02,17.63,595.01,19.33
1715247459233,1715247459177094000,BINANCE,BNBUSDT,595.12,9.58,595.13,1.62,595.14,2.58,595.15,8.3,595.16,9.18,595.17,1.73,595.18,16.25,595.19,9.16,595.2,9.05,595.21,8.9,595.11,21.06,595.1,10.57,595.07,10.46,595.06,21.03,595.05,19.33,595.04,13.64,595.03,14.32,595.02,12.17,595.01,5.77,595,7.58
1715247459484,1715247459419230000,BINANCE,BNBUSDT,595.12,10.09,595.13,1.62,595.14,2.58,595.15,14.23,595.16,17.31,595.17,6.77,595.18,17.05,595.19,11.2,595.2,9.05,595.21,34.1,595.11,8.1,595.1,4.29,595.07,10.46,595.06,21.03,595.05,19.33,595.04,12.17,595.03,14.32,595.02,12.17,595.01,6.92,595,4.49
1715247459731,1715247459666070000,BINANCE,BNBUSDT,595.12,8.41,595.13,0.71,595.14,2.58,595.15,8.39,595.16,17.31,595.17,6.76,595.18,9.8,595.19,13.22,595.2,9.05,595.21,13.9,595.11,12.44,595.1,4.29,595.09,0.67,595.07,10.46,595.06,21.03,595.05,19.33,595.04,12.17,595.03,14.32,595.02,12.17,595.01,6.92
1715247459999,1715247459940389000,BINANCE,BNBUSDT,595.12,12.69,595.13,0.76,595.14,2.59,595.15,32.57,595.16,67.27,595.17,1.72,595.18,9.8,595.19,8.18,595.2,9.05,595.21,32.95,595.11,6.66,595.07,4.79,595.06,11.12,595.05,5.46,595.04,16.81,595.03,14.32,595.02,12.17,595.01,5.67,595,4.51,594.99,6.02
1715247460253,1715247460207148000,BINANCE,BNBUSDT,595.12,4.33,595.13,0.76,595.14,2.58,595.15,9.23,595.16,9.18,595.17,11.44,595.18,11.21,595.19,8.18,595.2,9.05,595.21,11.92,595.11,21.03,595.1,2.57,595.08,0.03,595.07,7.53,595.06,11.12,595.05,5.46,595.04,16.81,595.03,14.32,595.02,12.17,595.01,5.73
1715247460520,1715247460445208000,BINANCE,BNBUSDT,595.12,8.6,595.13,0.76,595.14,2.58,595.15,3.26,595.16,9.18,595.17,6.17,595.18,17.01,595.19,5.81,595.2,8.02,595.21,36.9,595.11,16.24,595.1,2.57,595.09,0.67,595.08,0.03,595.07,7.53,595.06,11.12,595.05,5.46,595.04,16.81,595.03,14.32,595.02,12.17
1715247460789,1715247460725862000,BINANCE,BNBUSDT,595.12,4.62,595.13,0.76,595.14,2.58,595.15,9.1,595.16,14.22,595.17,11.21,595.18,11.17,595.19,15.89,595.2,8.02,595.21,32.95,595.11,16.91,595.1,2.57,595.09,0.67,595.07,7.53,595.06,11.12,595.05,5.46,595.04,16.81,595.03,14.32,595.02,12.17,595.01,5.73
1715247461070,1715247461000737000,BINANCE,BNBUSDT,595.12,2.05,595.13,0.09,595.14,2.58,595.15,10.42,595.16,17.31,595.17,11.21,595.18,11.17,595.19,15.89,595.2,8.02,595.21,6.92,595.11,20.76,595.1,2.57,595.09,0.67,595.07,7.53,595.06,11.12,595.05,5.46,595.04,16.81,595.03,14.32,595.02,12.17,595.01,5.73
1715247461364,1715247461293975000,BINANCE,BNBUSDT,595.12,7.47,595.13,0.76,595.14,0.01,595.15,16.25,595.16,20.31,595.17,6.76,595.18,10.62,595.19,15.89,595.2,5.02,595.21,31.9,595.11,17.72,595.1,2.57,595.09,0.67,595.08,0.03,595.07,7.53,595.06,11.12,595.05,5.46,595.04,16.81,595.03,14.32,595.02,12.17
1715247461620,1715247461548916000,BINANCE,BNBUSDT,595.12,12.94,595.13,0.76,595.14,2.12,595.15,16.25,595.16,20.31,595.17,6.76,595.18,15.66,595.19,8.18,595.2,5.02,595.21,31.9,595.11,3.91,595.1,2.57,595.07,6.86,595.06,11.12,595.05,5.46,595.04,16.81,595.03,14.32,595.02,12.17,595.01,5.73,595,5.66
1715247461925,1715247461853556000,BINANCE,BNBUSDT,595.09,9.58,595.1,2.57,595.11,17.54,595.12,17.83,595.13,10.84,595.14,7.15,595.15,22.81,595.16,37.25,595.17,1.72,595.18,6.17,595.08,7.18,595.06,4.23,595.05,4.79,595.04,11.88,595.03,9.39,595.02,12.17,595.01,5.73,595,4.51,594.99,6.02,594.98,4.35
1715247462181,1715247462107601000,BINANCE,BNBUSDT,595.13,5.2,595.14,7.62,595.15,10.45,595.16,9.18,595.17,6.76,595.18,4.72,595.19,10.08,595.2,6.87,595.21,8.41,595.22,28,595.12,18.37,595.11,20.37,595.1,24.23,595.09,14.52,595.08,11.89,595.07,0.67,595.06,8.75,595.05,5.46,595.04,11.88,595.03,9.39
1715247462439,1715247462365969000,BINANCE,BNBUSDT,595.13,0.21,595.14,2.58,595.15,0.68,595.16,6.77,595.17,6.76,595.18,8.61,595.19,14.38,595.2,22.95,595.21,8.41,595.22,17.43,595.12,12.43,595.11,26.19,595.1,17.99,595.09,14.52,595.08,11.84,595.07,0.67,595.06,8.75,595.05,6.93,595.04,13.03,595.03,9.39
1715247462691,1715247462619864000,BINANCE,BNBUSDT,595.13,1.01,595.14,2.58,595.15,5.67,595.16,12.18,595.17,11.8,595.18,8.61,595.19,14.38,595.2,22.95,595.21,8.41,595.22,16.28,595.12,8.93,595.11,8.9,595.1,13.01,595.09,9.54,595.08,9.07,595.07,2.92,595.06,6.97,595.05,5.46,595.04,11.43,595.03,9.39
1715247462978,1715247462917302000,BINANCE,BNBUSDT,595.15,0.17,595.16,6.66,595.17,1.72,595.18,2.75,595.19,14.54,595.2,11.22,595.21,10.4,595.22,28.18,595.23,20.53,595.24,6.04,595.14,7.49,595.13,11.72,595.12,8.83,595.11,8.9,595.1,13.01,595.09,13.81,595.08,9.07,595.07,3.02,595.06,6.97,595.05,5.46
1715247463249,1715247463179186000,BINANCE,BNBUSDT,595.13,25.5,595.14,2.57,595.15,16.88,595.16,29.93,595.17,27.76,595.18,8.59,595.19,1.3,595.2,8.84,595.21,14.25,595.22,44.13,595.1,4.14,595.09,4.27,595.08,9.07,595.07,2.97,595.06,6.97,595.05,5.46,595.04,2.45,595.03,4.6,595.02,4.33,595.01,5.76
1715247463500,1715247463429208000,BINANCE,BNBUSDT,595.11,15.81,595.12,19.13,595.13,17.38,595.14,7.57,595.15,37.8,595.16,58.11,595.17,32.79,595.18,7.03,595.19,1.3,595.2,8.84,595.1,4.39,595.08,5.02,595.07,2.3,595.06,6.97,595.05,5.46,595.04,2.45,595.03,4.6,595.02,2.45,595.01,8.68,595,7.84
1715247463838,1715247463766602000,BINANCE,BNBUSDT,595.11,3.89,595.12,3,595.13,0.67,595.14,2.58,595.15,41.4,595.16,20.95,595.17,5.11,595.18,12.07,595.19,1.3,595.2,3.18,595.1,10.54,595.09,0.67,595.08,5.02,595.07,2.97,595.06,6.97,595.05,5.46,595.04,2.45,595.03,4.6,595.02,2.45,595.01,8.68
1715247464092,1715247464024374000,BINANCE,BNBUSDT,595.1,3.43,595.11,5.92,595.12,2.57,595.13,10.01,595.14,19.68,595.15,19.88,595.16,21.06,595.17,3.54,595.18,0.01,595.19,1.3,595.09,18.61,595.08,19.54,595.07,19.46,595.06,11.31,595.05,5.46,595.04,2.45,595.03,4.6,595.02,2.45,595.01,8.68,595,7.84
1715247464345,1715247464281589000,BINANCE,BNBUSDT,595.1,0.61,595.11,0.12,595.12,2.57,595.13,4.97,595.14,18.72,595.15,23.12,595.16,10.98,595.17,13.62,595.18,0.01,595.19,1.3,595.09,32.19,595.08,22.47,595.07,19.46,595.06,11.31,595.05,5.46,595.04,2.45,595.03,4.6,595.02,2.45,595.01,8.68,595,10.93
1715247464604,1715247464545588000,BINANCE,BNBUSDT,595.1,9.66,595.11,0.79,595.12,2.58,595.13,9.97,595.14,18.72,595.15,23.12,595.16,10.98,595.17,13.62,595.18,0.01,595.19,3.85,595.09,13.03,595.08,5.5,595.07,4.81,595.06,11.31,595.05,5.46,595.04,2.45,595.03,4.6,595.02,2.45,595.01,8.68,595,7.84
1715247464864,1715247464792869000,BINANCE,BNBUSDT,595.1,0.95,595.11,0.67,595.12,2.57,595.13,4.17,595.14,12.65,595.15,25.04,595.16,12.76,595.17,12.62,595.18,0.01,595.19,3.18,595.09,11.21,595.08,3.24,595.07,0.67,595.06,3.12,595.05,4.79,595.04,2.45,595.03,4.6,595.02,3.12,595.01,8.68,595,10.93
1715247465126,1715247465051743000,BINANCE,BNBUSDT,595.13,0.78,595.14,7.61,595.15,20,595.16,9.67,595.17,6.76,595.18,5.93,595.19,3.18,595.2,15.46,595.21,7.74,595.22,7.72,595.12,23.5,595.11,14.66,595.1,20.31,595.09,4.65,595.08,3.24,595.07,3.11,595.06,7.37,595.05,4.79,595.04,2.45,595.03,4.6
1715247465394,1715247465330064000,BINANCE,BNBUSDT,595.13,9.77,595.14,6.62,595.15,15.08,595.16,6.67,595.17,14.8,595.18,5.93,595.19,3.18,595.2,16.61,595.21,7.74,595.22,7.72,595.12,20.8,595.11,8.85,595.1,20.31,595.09,4.64,595.08,3.24,595.07,3.11,595.06,7.37,595.05,4.79,595.04,2.45,595.03,4.6
1715247465655,1715247465581444000,BINANCE,BNBUSDT,595.13,0.64,595.14,2.57,595.15,15.67,595.16,7.34,595.17,14.8,595.18,7.76,595.19,4.29,595.2,15.42,595.21,7.74,595.22,7.72,595.12,17.61,595.11,15.14,595.1,17.23,595.09,4.64,595.08,3.24,595.07,3.11,595.06,7.37,595.05,5.46,595.04,2.45,595.03,3.93
1715247465930,1715247465860296000,BINANCE,BNBUSDT,595.13,9.7,595.14,3.24,595.15,15.67,595.16,11.49,595.17,14.8,595.18,7.76,595.19,9.33,595.2,10.38,595.21,7.74,595.22,8.56,595.12,13.58,595.11,9.67,595.1,11.62,595.09,4.64,595.08,3.24,595.07,3.11,595.06,7.37,595.05,5.46,595.04,2.45,595.03,3.93
1715247466191,1715247466145642000,BINANCE,BNBUSDT,595.13,9.7,595.14,3.24,595.15,15.67,595.16,11.49,595.17,14.8,595.18,7.76,595.19,9.33,595.2,10.38,595.21,7.74,595.22,8.56,595.12,13.6,595.11,9.67,595.1,12.29,595.09,4.64,595.08,3.24,595.07,3.11,595.06,7.37,595.05,5.46,595.04,2.45,595.03,3.93
1715247466535,1715247466462281000,BINANCE,BNBUSDT,595.13,12.75,595.14,3.25,595.15,15.67,595.16,11.49,595.17,12.96,595.18,6.6,595.19,9.33,595.2,10.38,595.21,7.74,595.22,8.56,595.12,9.96,595.11,5.62,595.1,2.57,595.09,3.97,595.08,3.24,595.07,3.11,595.06,7.37,595.05,5.46,595.04,2.45,595.03,3.93
1715247466785,1715247466714423000,BINANCE,BNBUSDT,595.13,12.75,595.14,6.25,595.15,15.67,595.16,23.29,595.17,38.99,595.18,6.6,595.19,9.33,595.2,8.22,595.21,16.99,595.22,32.7,595.12,9.22,595.1,2.57,595.09,3.04,595.08,3.24,595.07,3.11,595.06,7.37,595.05,5.46,595.04,2.45,595.03,3.93,595.02,2.45
1715247467043,1715247466972105000,BINANCE,BNBUSDT,595.13,12.77,595.14,10.58,595.15,15.67,595.16,7.34,595.17,12.96,595.18,6.6,595.19,14.33,595.2,8.22,595.21,16.99,595.22,32.7,595.12,8.96,595.1,12.57,595.09,3.04,595.08,3.24,595.07,3.11,595.06,7.37,595.05,5.46,595.04,2.45,595.03,4.6,595.02,2.45
1715247467323,1715247467249487000,BINANCE,BNBUSDT,595.13,12.73,595.14,10.58,595.15,15.67,595.16,15.47,595.17,7.92,595.18,6.6,595.19,19.38,595.2,3.18,595.21,16.99,595.22,32.7,595.12,2.77,595.11,4.1,595.1,12.57,595.09,3.71,595.08,3.24,595.07,3.11,595.06,7.37,595.05,5.46,595.04,3.12,595.03,4.6
1715247467606,1715247467546283000,BINANCE,BNBUSDT,595.13,12.14,595.14,6.25,595.15,15.67,595.16,25.73,595.17,33.95,595.18,6.6,595.19,14.38,595.2,3.18,595.21,16.99,595.22,32.7,595.12,1.35,595.11,4.1,595.1,12.57,595.09,2.17,595.08,2.57,595.07,2.44,595.06,7.37,595.05,5.46,595.04,3.12,595.03,4.6
1715247467883,1715247467810613000,BINANCE,BNBUSDT,595.13,12.14,595.14,6.25,595.15,24.14,595.16,16.63,595.17,6.76,595.18,9.56,595.19,5.68,595.2,8.22,595.21,16.99,595.22,32.7,595.12,3.92,595.11,4.1,595.1,12.57,595.09,2.17,595.08,3.24,595.07,3.11,595.06,7.37,595.05,5.46,595.04,3.12,595.03,4.6
1715247468137,1715247468102294000,BINANCE,BNBUSDT,595.11,22.83,595.12,17.57,595.13,13.67,595.14,15.6,595.15,25.75,595.16,16.63,595.17,6.76,595.18,5.72,595.19,9.8,595.2,28.16,595.1,13.32,595.09,2.17,595.08,2.57,595.07,2.44,595.06,6.7,595.05,4.79,595.04,3.12,595.03,4.6,595.02,2.45,595.01,8.01
1715247468444,1715247468388500000,BINANCE,BNBUSDT,595.11,22.2,595.12,17.57,595.13,10.44,595.14,13.54,595.15,26.91,595.16,15.47,595.17,6.76,595.18,5.72,595.19,0.64,595.2,3.18,595.1,11.29,595.09,2.17,595.08,2.57,595.07,2.44,595.06,6.7,595.05,4.79,595.04,3.12,595.03,4.6,595.02,2.45,595.01,8.68
1715247468768,1715247468696025000,BINANCE,BNBUSDT,595,7.91,595.01,4.21,595.02,16.91,595.03,16.38,595.04,5.04,595.05,9.2,595.06,5.66,595.07,4.43,595.08,3.84,595.09,25.25,594.99,12.11,594.98,15.37,594.97,54.67,594.96,16.25,594.95,9.72,594.94,7.57,594.93,4.05,594.92,4.25,594.91,0.01,594.9,2.5
1715247469027,1715247468954662000,BINANCE,BNBUSDT,595.04,5.07,595.05,5.71,595.06,6.7,595.07,14.52,595.08,5.04,595.09,5.31,595.1,13.07,595.11,3.75,595.12,3.78,595.13,8.14,595.03,4.58,595.02,9.77,595.01,10.65,595,16.43,594.99,6.8,594.98,22.42,594.97,54.67,594.96,16.26,594.95,9.81,594.94,7.57
1715247469287,1715247469216522000,BINANCE,BNBUSDT,595.07,1.85,595.08,2.57,595.09,1.49,595.1,2.07,595.11,3.75,595.12,3.24,595.13,2.93,595.14,12.08,595.15,21.2,595.16,11.31,595.06,10.58,595.05,4.72,595.04,2.6,595.03,7.86,595.02,9.77,595.01,11.32,595,16.43,594.99,6.8,594.98,22.43,594.97,54.67
1715247469575,1715247469502968000,BINANCE,BNBUSDT,595.07,1.78,595.08,2.57,595.09,1.49,595.1,5.95,595.11,13.83,595.12,8.28,595.13,4.88,595.14,22.16,595.15,21.2,595.16,11.31,595.06,7.7,595.05,4.72,595.04,2.57,595.03,7.86,595.02,9.77,595.01,11.32,595,16.43,594.99,6.8,594.98,22.43,594.97,54.67
1715247469834,1715247469762196000,BINANCE,BNBUSDT,595.12,7.64,595.14,12.65,595.15,21.2,595.16,5.16,595.17,1.05,595.18,1.68,595.19,6.23,595.2,22.96,595.21,10.3,595.22,9.02,595.11,26.42,595.1,11.68,595.09,10.97,595.08,9.12,595.07,19.41,595.06,14.6,595.05,4.72,595.04,2.57,595.03,7.86,595.02,9.77
1715247470087,1715247470025517000,BINANCE,BNBUSDT,595.12,2.69,595.14,7.18,595.15,21.2,595.16,4.49,595.17,16.17,595.18,1.68,595.19,16.31,595.2,22.96,595.21,10.97,595.22,9.02,595.11,26.42,595.1,11.68,595.09,8.09,595.08,9.12,595.07,19.41,595.06,14.57,595.05,4.72,595.04,2.57,595.03,12.4,595.02,9.77
1715247470355,1715247470290019000,BINANCE,BNBUSDT,595.12,2.75,595.14,7.18,595.15,21.2,595.16,4.49,595.17,19.12,595.18,1.68,595.19,16.31,595.2,22.95,595.21,9.48,595.22,9.02,595.11,26.07,595.1,11.68,595.09,8.09,595.08,9.12,595.07,19.41,595.06,14.52,595.05,4.72,595.04,2.57,595.03,12.4,595.02,9.77
1715247470712,1715247470637546000,BINANCE,BNBUSDT,595.15,19.74,595.16,4.49,595.17,4.67,595.18,4.89,595.19,11.38,595.2,8.23,595.21,12.17,595.22,19.1,595.23,3.1,595.24,6.04,595.14,34.38,595.13,12.04,595.12,21.74,595.11,17.19,595.1,11.69,595.09,17.64,595.08,9.12,595.07,19.5,595.06,14.52,595.05,6.04
1715247470965,1715247470900740000,BINANCE,BNBUSDT,595.24,0.04,595.25,6.35,595.26,0.1,595.27,0.02,595.28,3.25,595.29,0.94,595.3,12.7,595.31,16.83,595.32,16.09,595.33,29.81,595.23,21.47,595.22,40.48,595.21,9.85,595.2,10.03,595.19,22.73,595.18,26.57,595.17,17.89,595.16,5.66,595.15,16.91,595.14,14.27
1715247471217,1715247471142599000,BINANCE,BNBUSDT,595.28,5.96,595.29,1.17,595.3,4.68,595.31,0.75,595.32,11.91,595.33,40.54,595.34,0.65,595.35,6.61,595.36,5.94,595.37,9.24,595.27,11.48,595.26,6.62,595.25,8.52,595.24,17.89,595.23,22.28,595.22,44.72,595.21,9.85,595.2,10.03,595.19,22.82,595.18,21.57
1715247471499,1715247471426104000,BINANCE,BNBUSDT,595.28,2.51,595.29,1.17,595.3,2.58,595.31,0.75,595.32,8.64,595.33,27.48,595.34,0.65,595.35,6.61,595.36,5.94,595.37,9.24,595.27,13.92,595.26,6.62,595.24,21.45,595.23,24.06,595.22,44.72,595.21,9.83,595.2,10.03,595.19,27.25,595.18,21.57,595.17,0.67
1715247471745,1715247471678070000,BINANCE,BNBUSDT,595.28,2.61,595.29,1.17,595.3,2.58,595.31,3.85,595.32,11.21,595.33,37.54,595.34,0.65,595.35,6.61,595.36,5.94,595.37,10.74,595.27,13.92,595.26,6.62,595.24,21.45,595.23,24.06,595.22,44.72,595.21,9.83,595.2,11.49,595.19,27.25,595.18,21.57,595.17,0.67
1715247472015,1715247471961371000,BINANCE,BNBUSDT,595.28,10.79,595.29,4.17,595.3,2.58,595.31,25.06,595.32,64.63,595.33,27.48,595.34,0.65,595.35,3.95,595.36,5.86,595.37,35.94,595.27,3.43,595.25,2.22,595.24,7.92,595.23,18.08,595.22,44.72,595.21,4.05,595.2,6.62,595.19,27.25,595.18,21.41,595.17,0.67
1715247472273,1715247472201827000,BINANCE,BNBUSDT,595.28,11.13,595.29,4.17,595.3,2.58,595.31,25.06,595.32,74.69,595.33,27.48,595.34,0.65,595.35,4.62,595.36,5.86,595.37,35.94,595.27,3.4,595.25,2.22,595.24,5.35,595.23,18.08,595.22,44.72,595.21,4.05,595.2,6.62,595.19,22.41,595.18,16.57,595.17,0.67
1715247472568,1715247472499227000,BINANCE,BNBUSDT,595.28,1.51,595.29,0.5,595.3,2.58,595.31,0.07,595.32,12.17,595.33,32.51,595.34,0.55,595.35,2.35,595.36,7.32,595.37,9.91,595.27,13.82,595.26,2.57,595.25,2.89,595.24,10.35,595.23,18.75,595.22,44.72,595.21,4.72,595.2,6.62,595.19,22.41,595.18,16.57
1715247472806,1715247472748634000,BINANCE,BNBUSDT,595.33,31.09,595.34,0.55,595.35,1.66,595.36,3.05,595.37,4.4,595.38,13.19,595.39,5.43,595.4,2.51,595.41,1.32,595.42,10.87,595.32,14.41,595.31,4.05,595.3,2.57,595.29,6.15,595.28,21.41,595.27,11.23,595.26,6.6,595.25,2.95,595.24,5.35,595.23,18.75
1715247473078,1715247473006108000,BINANCE,BNBUSDT,595.33,29.95,595.34,0.55,595.35,1.66,595.36,3.05,595.37,4.4,595.38,13.19,595.39,5.43,595.4,5.17,595.41,2.8,595.42,10.87,595.32,23.04,595.31,4.05,595.3,2.57,595.29,6.15,595.28,21.41,595.27,10.3,595.26,6.62,595.25,2.95,595.24,5.35,595.23,18.75
1715247473335,1715247473274903000,BINANCE,BNBUSDT,595.33,31.03,595.34,0.55,595.35,1.66,595.36,3.05,595.37,5.71,595.38,8.16,595.39,10.43,595.4,5.17,595.41,2.81,595.42,36.07,595.32,9.21,595.31,4.05,595.3,2.57,595.29,5.48,595.28,16.58,595.27,10.29,595.26,6.62,595.25,2.95,595.24,5.35,595.23,18.75
1715247473600,1715247473532273000,BINANCE,BNBUSDT,595.33,30.2,595.34,0.55,595.35,1.66,595.36,3.05,595.37,3.72,595.38,13.19,595.39,5.43,595.4,5.17,595.41,2.81,595.42,10.04,595.32,12.22,595.31,4.72,595.3,2.57,595.29,6.15,595.28,16.58,595.27,10.29,595.26,6.62,595.25,2.95,595.24,5.35,595.23,18.75
1715247473901,1715247473846488000,BINANCE,BNBUSDT,595.33,29.39,595.34,0.55,595.35,1.66,595.36,3.05,595.37,3.72,595.38,13.19,595.39,5.43,595.4,2.51,595.41,2.81,595.42,10.04,595.32,12.23,595.31,4.72,595.3,2.57,595.29,6.15,595.28,16.58,595.27,10.21,595.26,6.62,595.25,2.95,595.24,5.35,595.23,18.75
1715247474182,1715247474110637000,BINANCE,BNBUSDT,595.33,29.39,595.34,0.55,595.35,1.66,595.36,3.05,595.37,3.72,595.38,13.19,595.39,5.43,595.4,2.51,595.41,2.81,595.42,10.04,595.32,11.93,595.31,4.72,595.3,2.57,595.29,6.15,595.28,16.58,595.27,10.21,595.26,6.62,595.25,2.95,595.24,5.35,595.23,18.75
1715247474427,1715247474366957000,BINANCE,BNBUSDT,595.33,29.42,595.34,0.55,595.35,1.66,595.36,3.05,595.37,0.68,595.38,14.36,595.39,5.43,595.4,2.51,595.41,3.48,595.42,10.04,595.32,14.04,595.31,4.74,595.3,2.57,595.29,6.15,595.28,16.58,595.27,10.21,595.26,6.62,595.25,2.95,595.24,5.35,595.23,18.75
1715247474714,1715247474652122000,BINANCE,BNBUSDT,595.43,5.22,595.44,1.71,595.45,17.6,595.46,2.35,595.47,4.01,595.48,4.37,595.49,10.68,595.5,10.35,595.51,0.07,595.52,9.69,595.42,33.01,595.41,0.67,595.4,2.57,595.39,10.37,595.38,27.68,595.37,20,595.36,18.07,595.35,18.26,595.34,17.04,595.33,18.07
1715247474964,1715247474895711000,BINANCE,BNBUSDT,595.44,19.07,595.45,11.87,595.46,11.52,595.47,15.32,595.48,22.36,595.49,12.5,595.5,17.95,595.51,67.7,595.52,58.8,595.53,9.92,595.43,4.05,595.42,30.83,595.4,2.57,595.39,4.45,595.38,9.54,595.37,10.15,595.36,2.58,595.35,5.67,595.34,3.88,595.33,8.5
1715247475228,1715247475161347000,BINANCE,BNBUSDT,595.44,17.73,595.45,12.54,595.46,14.3,595.47,9.49,595.48,21.52,595.49,17.53,595.5,12.92,595.51,67.72,595.52,57.66,595.53,9.92,595.43,11.58,595.42,24.64,595.4,2.57,595.39,2.45,595.38,9.54,595.37,10.13,595.36,2.58,595.35,5.67,595.34,7.33,595.33,8.5
1715247475492,1715247475437488000,BINANCE,BNBUSDT,595.44,5.07,595.45,3,595.46,2.57,595.47,0.67,595.48,17.47,595.49,14.67,595.5,14.05,595.51,67.72,595.52,57.66,595.53,9.92,595.43,18.06,595.42,23.51,595.41,0.67,595.4,2.57,595.39,3.12,595.38,9.54,595.37,10.13,595.36,2.58,595.35,5.67,595.34,7.33
1715247475758,1715247475700361000,BINANCE,BNBUSDT,595.44,15.26,595.45,3.67,595.46,4.37,595.47,6.51,595.48,17.47,595.49,9.64,595.5,14.05,595.51,67.72,595.52,57.66,595.53,9.92,595.43,9.06,595.42,20.62,595.4,2.57,595.38,5.54,595.37,9.14,595.36,2.58,595.35,5.67,595.34,7.17,595.33,8.5,595.32,5.28
1715247476087,1715247476014615000,BINANCE,BNBUSDT,595.44,1.44,595.45,3.67,595.46,4.37,595.47,5.67,595.48,17.47,595.49,9.64,595.5,19.91,595.51,67.72,595.52,57.66,595.53,10.59,595.43,11.26,595.42,22.87,595.4,2.57,595.39,0.67,595.38,5.54,595.37,9.81,595.36,2.58,595.35,5.67,595.34,7.17,595.33,8.5
1715247476339,1715247476271274000,BINANCE,BNBUSDT,595.44,1.39,595.45,3.67,595.46,4.37,595.47,6.5,595.48,17.47,595.49,9.64,595.5,19.91,595.51,67.72,595.52,57.66,595.53,10.59,595.43,10.22,595.42,22.87,595.4,2.57,595.39,0.67,595.38,5.54,595.37,9.81,595.36,2.58,595.35,7.13,595.34,7.17,595.33,8.5
1715247476645,1715247476582856000,BINANCE,BNBUSDT,595.44,3.47,595.45,3.67,595.46,4.38,595.47,6.5,595.48,17.47,595.49,14.67,595.5,14.88,595.51,65.73,595.52,57.66,595.53,10.59,595.43,9.83,595.42,22.87,595.4,2.57,595.39,0.67,595.38,5.54,595.37,9.81,595.36,2.58,595.35,7.13,595.34,7.17,595.33,8.5
1715247476897,1715247476839771000,BINANCE,BNBUSDT,595.44,8.55,595.45,3.67,595.46,4.37,595.47,6.51,595.48,17.47,595.49,15.8,595.5,13.75,595.51,65.73,595.52,57.66,595.53,10.59,595.43,9.83,595.42,22.87,595.4,2.57,595.39,0.67,595.38,5.54,595.37,9.81,595.36,2.58,595.35,5.67,595.34,7.17,595.33,8.5
1715247477186,1715247477120451000,BINANCE,BNBUSDT,595.45,3.06,595.47,0.67,595.48,13.4,595.49,8.62,595.5,18.78,595.51,18.43,595.52,27.68,595.53,10.59,595.54,29.25,595.55,22.91,595.44,42.39,595.43,9.3,595.42,22.87,595.41,0.67,595.4,2.57,595.39,0.67,595.38,5.54,595.37,9.81,595.36,4.04,595.35,9.02
1715247477446,1715247477372584000,BINANCE,BNBUSDT,595.47,0.58,595.48,2.57,595.49,8.62,595.5,14.5,595.51,12.58,595.52,1.66,595.53,16.42,595.54,36.91,595.55,22.91,595.56,72.55,595.46,13.84,595.45,19.09,595.44,27.64,595.43,12.03,595.42,22.87,595.41,3.13,595.4,6.88,595.39,0.67,595.38,5.54,595.37,9.81
1715247477721,1715247477650774000,BINANCE,BNBUSDT,595.47,0.33,595.49,8.62,595.5,11.39,595.51,4.55,595.52,7.56,595.53,20.62,595.54,30.98,595.55,22.91,595.56,59.12,595.57,14.12,595.46,18.99,595.45,19.76,595.44,23.56,595.43,10.99,595.42,22.88,595.41,3.13,595.4,6.88,595.39,0.67,595.38,5.54,595.37,9.81
1715247477960,1715247477908793000,BINANCE,BNBUSDT,595.47,0.33,595.48,2.57,595.49,8.62,595.5,11.39,595.51,4.55,595.52,10.56,595.53,20.62,595.54,30.98,595.55,22.91,595.56,59.12,595.46,18.86,595.45,19.76,595.44,22.39,595.43,11.18,595.42,22.88,595.41,3.13,595.4,6.88,595.39,0.67,595.38,5.54,595.37,9.81
1715247478240,1715247478183325000,BINANCE,BNBUSDT,595.47,0.29,595.49,8.62,595.5,11.39,595.51,4.55,595.52,10.56,595.53,20.62,595.54,30.98,595.55,22.91,595.56,59.12,595.57,14.79,595.46,18.99,595.45,19.76,595.44,22.39,595.43,11.18,595.42,22.88,595.41,3.13,595.4,6.88,595.39,0.67,595.38,5.54,595.37,9.81
1715247478510,1715247478443281000,BINANCE,BNBUSDT,595.49,1.96,595.5,2.17,595.51,2.26,595.52,6.02,595.53,18.65,595.54,11.75,595.55,22.91,595.56,35.31,595.57,14.79,595.58,3.11,595.48,18.79,595.47,20.14,595.46,18.24,595.45,24.59,595.44,22.4,595.43,15.28,595.42,22.88,595.41,2.97,595.4,8.34,595.39,0.67
1715247478833,1715247478780702000,BINANCE,BNBUSDT,595.5,0.51,595.51,1.59,595.52,2.28,595.53,7.93,595.54,13.92,595.55,14.81,595.56,40.86,595.57,7.26,595.58,6.07,595.59,26.21,595.49,20.66,595.48,10.11,595.47,10.14,595.46,6.92,595.45,21.78,595.44,22.4,595.43,15.38,595.42,22.88,595.41,2.97,595.4,8.34
1715247479076,1715247479013465000,BINANCE,BNBUSDT,595.5,0.55,595.51,1.57,595.52,2.28,595.53,7.93,595.54,13.92,595.55,7.25,595.56,10.93,595.57,7.26,595.58,6.07,595.59,28.52,595.49,22.19,595.48,8.83,595.47,10.14,595.46,6.69,595.45,21.78,595.44,22.4,595.43,15.38,595.42,22.88,595.41,2.97,595.4,8.34
1715247479346,1715247479292860000,BINANCE,BNBUSDT,595.57,1.14,595.58,2.63,595.59,0.7,595.6,2.07,595.61,4.39,595.62,0.18,595.63,0.32,595.64,0.96,595.65,1.74,595.66,8.07,595.56,21.38,595.55,21.43,595.54,17.52,595.53,25.21,595.52,18.55,595.51,22.03,595.5,22.36,595.49,15.93,595.48,6.19,595.47,10.15
1715247479613,1715247479541390000,BINANCE,BNBUSDT,595.57,8.94,595.58,20.02,595.59,9.48,595.6,21.07,595.61,5.56,595.62,17.56,595.63,53.8,595.64,56.17,595.65,1.06,595.66,0.07,595.56,1.51,595.54,2.57,595.53,5.48,595.52,3.6,595.51,12.16,595.5,8.06,595.49,5.99,595.48,5.14,595.47,8.07,595.46,7.18
1715247479858,1715247479792124000,BINANCE,BNBUSDT,595.57,5.64,595.58,20.02,595.59,9.48,595.6,17.29,595.61,10.44,595.62,22.59,595.63,53.8,595.64,51.14,595.65,1.05,595.66,0.07,595.56,5.57,595.54,2.57,595.53,0.16,595.52,3.6,595.51,8.59,595.5,8.06,595.49,5.98,595.48,9.11,595.47,8.07,595.46,7.09
1715247480153,1715247480103232000,BINANCE,BNBUSDT,595.57,9.69,595.58,7.46,595.59,5.43,595.6,9.07,595.61,10.44,595.62,22.59,595.63,54.8,595.64,51.14,595.65,1.05,595.66,0.09,595.56,7.93,595.54,2.57,595.52,3.6,595.51,11.21,595.5,8.06,595.49,5.79,595.48,9.11,595.47,8.09,595.46,7.09,595.45,0.67
1715247480526,1715247480457519000,BINANCE,BNBUSDT,595.57,4.39,595.58,7.46,595.59,4.89,595.6,8.24,595.61,11.11,595.62,22.43,595.63,54.8,595.64,53.8,595.65,1.05,595.66,0.09,595.56,10.78,595.54,2.57,595.53,0.67,595.52,3.6,595.51,11.21,595.5,8.06,595.49,5.79,595.48,9.11,595.47,8.09,595.46,7.09
1715247480778,1715247480709434000,BINANCE,BNBUSDT,595.57,9.67,595.58,7.46,595.59,4.89,595.6,13.24,595.61,11.11,595.62,22.43,595.63,54.8,595.64,53.96,595.65,1.72,595.66,0.09,595.56,5.37,595.54,2.57,595.52,3.6,595.51,10.54,595.5,8.06,595.49,5.79,595.48,9.11,595.47,8.09,595.46,7.09,595.45,0.67
1715247481037,1715247480971463000,BINANCE,BNBUSDT,595.57,5.39,595.58,7.46,595.59,4.9,595.6,18.24,595.61,11.11,595.62,22.43,595.63,54.8,595.64,55.78,595.65,1.72,595.66,0.09,595.56,9.42,595.54,2.57,595.53,0.67,595.52,3.6,595.51,11.21,595.5,8.06,595.49,0.79,595.48,9.11,595.47,8.09,595.46,7.09
1715247481334,1715247481277606000,BINANCE,BNBUSDT,595.59,0.72,595.6,3.35,595.61,11.11,595.62,5.05,595.63,52.7,595.64,4.77,595.65,11.72,595.66,0.09,595.67,14.07,595.68,29.7,595.58,4.15,595.57,1.73,595.56,3.86,595.55,0.67,595.54,2.57,595.53,0.67,595.52,2.58,595.51,10.54,595.5,8.06,595.49,0.79
1715247481603,1715247481529484000,BINANCE,BNBUSDT,595.59,8.07,595.6,11.48,595.61,6.23,595.62,15.06,595.63,54.2,595.64,57.22,595.65,1.72,595.66,0.1,595.67,30.99,595.68,29.7,595.58,1.64,595.56,3.76,595.55,2.2,595.54,6.82,595.53,0.67,595.52,2.58,595.51,11.21,595.5,8.06,595.49,0.79,595.48,9.11
1715247481854,1715247481784318000,BINANCE,BNBUSDT,595.59,0.76,595.6,0.63,595.61,11.02,595.62,9.23,595.63,12.74,595.64,2.04,595.65,6.75,595.66,0.09,595.67,17.56,595.68,29.7,595.58,9.83,595.57,0.67,595.56,2.57,595.55,2.87,595.54,6.82,595.53,0.67,595.52,2.58,595.51,11.21,595.5,8.06,595.49,0.79
1715247482091,1715247482036547000,BINANCE,BNBUSDT,595.61,6.27,595.62,5.1,595.63,2.74,595.64,2.04,595.65,11.75,595.66,0.96,595.67,22.56,595.68,30.69,595.7,32.48,595.71,19.63,595.6,4.87,595.59,3.43,595.58,7.46,595.57,0.67,595.56,2.57,595.55,2.87,595.54,6.82,595.53,0.67,595.52,5.37,595.51,8.59
1715247482383,1715247482318522000,BINANCE,BNBUSDT,595.61,10.23,595.62,5.1,595.63,2.74,595.64,27.02,595.65,58.78,595.66,5.99,595.67,17.56,595.68,30.69,595.7,32.48,595.71,19.63,595.6,4.97,595.59,0.16,595.58,0.1,595.56,2.57,595.55,2.2,595.54,6.82,595.53,0.67,595.52,5.37,595.51,4.54,595.5,2.59
1715247482636,1715247482571877000,BINANCE,BNBUSDT,595.61,10.23,595.62,5.1,595.63,2.74,595.64,26.19,595.65,32.75,595.66,5.99,595.67,16.56,595.68,29.7,595.7,32.48,595.71,19.63,595.6,5.04,595.59,0.16,595.58,0.09,595.57,0.67,595.56,2.57,595.55,2.87,595.54,6.82,595.53,0.67,595.52,5.37,595.51,4.54
1715247482927,1715247482872831000,BINANCE,BNBUSDT,595.62,0.02,595.63,1.74,595.64,0.09,595.65,1.05,595.66,5.11,595.67,12.2,595.68,25.23,595.7,11.92,595.71,20.63,595.72,0.62,595.61,13.67,595.6,17.92,595.59,0.83,595.58,0.41,595.57,0.67,595.56,2.57,595.55,4.44,595.54,6.83,595.53,0.67,595.52,5.37
1715247483195,1715247483137834000,BINANCE,BNBUSDT,595.62,0.7,595.63,28.43,595.64,0.09,595.65,1.05,595.66,1.72,595.67,15.16,595.68,30.26,595.7,11.94,595.71,20.63,595.72,0.62,595.61,15.24,595.6,11.28,595.59,0.67,595.58,0.41,595.57,0.67,595.56,2.57,595.55,4.44,595.54,6.83,595.53,0.67,595.52,5.37
1715247483449,1715247483385398000,BINANCE,BNBUSDT,595.62,0.81,595.63,28.43,595.64,0.09,595.65,1.05,595.66,1.72,595.67,15.16,595.68,30.26,595.7,11.94,595.71,21.3,595.72,0.62,595.61,15.2,595.6,11.28,595.59,0.67,595.58,0.41,595.57,0.67,595.56,2.57,595.55,4.44,595.54,6.83,595.53,0.67,595.52,5.37
1715247483707,1715247483648104000,BINANCE,BNBUSDT,595.63,19.27,595.64,0.09,595.65,1.05,595.66,1.72,595.67,6.64,595.68,6.51,595.69,2.56,595.7,11.94,595.71,21.3,595.72,0.62,595.62,25.7,595.61,14.33,595.6,11.28,595.59,0.67,595.58,0.41,595.57,4.73,595.56,2.57,595.55,4.44,595.54,6.83,595.53,0.69
1715247483967,1715247483898050000,BINANCE,BNBUSDT,595.63,19.94,595.64,2.66,595.65,1.72,595.66,1.72,595.67,6.64,595.68,11.54,595.69,2.56,595.7,13.76,595.71,22.79,595.72,0.62,595.62,23.53,595.61,8.9,595.6,11.28,595.59,0.67,595.58,0.41,595.57,4.73,595.56,2.57,595.55,4.44,595.54,6.83,595.53,0.69
1715247484235,1715247484168264000,BINANCE,BNBUSDT,595.63,5.83,595.64,0.09,595.65,1.05,595.66,1.72,595.67,6.64,595.68,12.68,595.69,2.56,595.7,13.76,595.71,22.79,595.72,0.62,595.62,19.48,595.61,5.52,595.6,11.28,595.59,0.67,595.58,0.41,595.57,4.73,595.56,2.57,595.55,4.44,595.54,6.83,595.53,0.69
1715247484495,1715247484421121000,BINANCE,BNBUSDT,595.68,13.82,595.69,3,595.7,11.94,595.71,3.19,595.72,0.62,595.73,10.06,595.74,10.35,595.75,20.06,595.76,29.32,595.77,13.61,595.67,3.28,595.66,5.56,595.65,0.67,595.64,9.17,595.63,14.56,595.62,21.06,595.61,8.42,595.6,11.28,595.59,0.67,595.58,0.09
1715247484753,1715247484687382000,BINANCE,BNBUSDT,595.68,11.94,595.69,3.67,595.7,5.65,595.71,11.4,595.72,26.66,595.73,13.36,595.74,10.35,595.75,22.72,595.76,29.32,595.77,8.61,595.67,2.19,595.63,5.37,595.62,12.53,595.61,7.75,595.6,11.29,595.59,4.2,595.58,0.09,595.57,4.75,595.56,2.57,595.55,4.44
1715247485005,1715247484956613000,BINANCE,BNBUSDT,595.63,19.82,595.64,2.57,595.65,2.47,595.66,31.34,595.67,75.47,595.68,16.6,595.69,6.66,595.7,17.72,595.71,17.45,595.72,2.93,595.62,2.18,595.6,0.01,595.59,4.2,595.58,0.09,595.57,4.06,595.56,2.57,595.55,0.11,595.54,6.78,595.53,0.67,595.52,2.58
1715247485257,1715247485201449000,BINANCE,BNBUSDT,595.63,14.58,595.64,2.57,595.65,0.68,595.66,26.34,595.67,44.54,595.68,16.6,595.69,11.44,595.7,17.13,595.71,16.62,595.72,2.92,595.62,2.24,595.6,2.58,595.59,4.2,595.58,0.09,595.57,4.06,595.56,2.57,595.55,2.99,595.54,6.78,595.53,0.67,595.52,2.58
1715247485553,1715247485489055000,BINANCE,BNBUSDT,595.63,14.58,595.64,2.57,595.65,0.68,595.66,27.17,595.67,44.54,595.68,21.63,595.69,11.44,595.7,17.13,595.71,16.62,595.72,4.93,595.62,1.93,595.61,2.87,595.6,2.58,595.59,4.2,595.58,0.09,595.57,4.73,595.56,2.57,595.55,2.99,595.54,6.78,595.53,1.31
1715247485829,1715247485765801000,BINANCE,BNBUSDT,595.5,29.12,595.51,9.76,595.52,24.85,595.53,29.24,595.54,11.45,595.55,38.4,595.56,37.86,595.57,64.4,595.58,34.94,595.59,2.48,595.49,2.08,595.47,0.01,595.46,2.55,595.44,2.11,595.43,2.54,595.42,0.7,595.41,6.13,595.4,0.01,595.38,2.12,595.37,2.19
1715247486082,1715247486023377000,BINANCE,BNBUSDT,595.45,11.23,595.46,2.57,595.47,3.67,595.48,33.88,595.49,78.94,595.5,29.2,595.51,5.3,595.52,7.52,595.53,13.89,595.54,11.45,595.44,0.01,595.43,0.34,595.42,0.7,595.41,0.02,595.4,0.01,595.38,2.11,595.37,2.19,595.36,0.05,595.35,2.1,595.34,5.75
1715247486333,1715247486262548000,BINANCE,BNBUSDT,595.44,39.98,595.45,11.23,595.46,2.58,595.47,13.67,595.48,33.88,595.49,78.95,595.5,24.17,595.51,5.3,595.52,7.59,595.53,25.59,595.43,0.45,595.42,0.7,595.41,0.02,595.38,0.01,595.37,0.09,595.36,0.05,595.32,0.01,595.31,0.1,595.3,1.83,595.29,5.39
1715247486592,1715247486522158000,BINANCE,BNBUSDT,595.43,26.2,595.44,14.65,595.45,5.59,595.46,7.19,595.47,16.33,595.48,33.88,595.49,62.66,595.5,23.87,595.51,5.3,595.52,7.59,595.42,9.55,595.41,0.02,595.38,2.58,595.37,0.76,595.36,0.05,595.35,0.67,595.33,2.05,595.32,1.39,595.31,0.77,595.3,2.12
1715247486857,1715247486800798000,BINANCE,BNBUSDT,595.43,23.75,595.44,4.99,595.46,6.37,595.47,42.36,595.48,33.88,595.49,38.35,595.5,23.87,595.51,5.14,595.52,7.59,595.53,1.54,595.42,12.36,595.41,0.69,595.39,0.67,595.38,2.58,595.37,4.91,595.36,0.05,595.35,0.67,595.33,2.05,595.32,1.39,595.31,0.77
1715247487130,1715247487077853000,BINANCE,BNBUSDT,595.43,14.93,595.46,11.87,595.47,10.67,595.48,33.88,595.49,38.35,595.5,23.87,595.51,5.14,595.52,7.59,595.53,1.54,595.54,12.33,595.42,12.36,595.41,0.69,595.39,0.67,595.38,2.58,595.37,4.91,595.36,0.05,595.35,0.67,595.34,3.9,595.33,2.05,595.32,1.39
1715247487403,1715247487332335000,BINANCE,BNBUSDT,595.38,3.86,595.4,6.11,595.42,5.67,595.43,8.99,595.44,4.83,595.45,6,595.46,2.65,595.47,5.68,595.48,22.36,595.49,33.43,595.37,13.9,595.36,3.27,595.35,0.67,595.34,3.9,595.33,2.05,595.32,3.14,595.31,5.34,595.3,1.49,595.28,4.17,595.27,0.52
1715247487689,1715247487617822000,BINANCE,BNBUSDT,595.38,7.35,595.4,2.57,595.42,10.55,595.43,8.03,595.44,4.83,595.45,6,595.46,2.65,595.47,5.84,595.48,22.36,595.49,33.43,595.37,13.91,595.36,2.6,595.34,3.9,595.33,2.05,595.32,3.14,595.31,5.34,595.3,1.49,595.28,4.17,595.27,0.52,595.26,0.04
1715247487947,1715247487875338000,BINANCE,BNBUSDT,595.38,7.42,595.39,0.67,595.4,2.57,595.42,10.55,595.43,10.06,595.44,2.51,595.45,6,595.46,11.49,595.47,31.87,595.48,25.36,595.37,13.91,595.36,2.6,595.34,3.9,595.33,2.05,595.32,3.14,595.31,5.34,595.3,1.49,595.28,4.17,595.27,0.52,595.26,0.04
1715247488238,1715247488163545000,BINANCE,BNBUSDT,595.42,7.34,595.43,10.06,595.44,2.51,595.46,2.65,595.48,15.2,595.49,30.25,595.5,26.7,595.51,0.67,595.52,2.65,595.53,7.48,595.41,13.92,595.4,2.57,595.39,8.45,595.38,14.84,595.37,13.85,595.36,3.27,595.34,3.9,595.33,2.07,595.32,3.14,595.31,4.67
1715247488499,1715247488428582000,BINANCE,BNBUSDT,595.44,2.51,595.45,0.67,595.46,5.47,595.47,5.03,595.48,3.24,595.49,16.59,595.5,13.68,595.51,0.67,595.52,4.71,595.53,8.31,595.43,10.69,595.42,16.41,595.41,11.33,595.4,2.57,595.39,4.9,595.38,19.58,595.37,18.01,595.36,3.27,595.34,3.9,595.33,2.07
1715247488800,1715247488728068000,BINANCE,BNBUSDT,595.44,2.57,595.45,0.67,595.46,2.65,595.48,3.25,595.49,21.62,595.5,13.68,595.51,0.67,595.52,4.71,595.53,7.64,595.54,14.73,595.43,10.68,595.42,16.41,595.41,11.33,595.4,2.57,595.39,4.9,595.38,19.58,595.37,18.01,595.36,3.27,595.34,3.9,595.33,2.07
1715247489157,1715247489087117000,BINANCE,BNBUSDT,595.44,0.05,595.46,2.65,595.47,0.77,595.48,7.17,595.49,14.28,595.5,10.59,595.51,0.67,595.52,4.71,595.53,7.64,595.54,14.75,595.43,10.68,595.42,17.08,595.41,11.33,595.4,2.57,595.39,4.9,595.38,19.58,595.37,18.01,595.36,4.74,595.34,3.9,595.33,2.07
1715247489477,1715247489406223000,BINANCE,BNBUSDT,595.44,0.09,595.46,2.65,595.47,0.77,595.48,7.16,595.49,14.28,595.5,10.59,595.51,0.67,595.52,4.72,595.53,6.81,595.54,14.75,595.43,13.3,595.42,17.08,595.41,11.33,595.4,2.57,595.39,4.9,595.38,19.58,595.37,18,595.36,4.74,595.34,3.9,595.33,2.07
1715247489718,1715247489665672000,BINANCE,BNBUSDT,595.46,0.13,595.47,0.77,595.48,4.59,595.49,7.04,595.5,8.79,595.51,5.7,595.52,2.65,595.53,0.82,595.54,14.75,595.55,14.23,595.45,19.27,595.44,2.57,595.43,5.6,595.42,20.78,595.41,11.33,595.4,7.09,595.39,4.91,595.38,19.58,595.37,18.03,595.36,4.74
1715247490033,1715247489965255000,BINANCE,BNBUSDT,595.46,11.78,595.47,1.44,595.48,4.36,595.49,15.41,595.5,37.8,595.51,10.73,595.52,5.74,595.53,0.01,595.54,18.92,595.55,27.66,595.45,10.9,595.44,2.57,595.43,0.76,595.42,15.15,595.41,11.33,595.4,7.09,595.39,4.24,595.38,19.6,595.37,18.7,595.36,3.27
1715247490291,1715247490299107000,BINANCE,BNBUSDT,595.46,11.17,595.47,2.57,595.48,7.09,595.49,6.72,595.5,11.79,595.51,8.68,595.52,10.74,595.54,10.92,595.55,27.66,595.56,52.31,595.45,11.29,595.43,0.09,595.42,11.1,595.41,6.37,595.4,7.09,595.39,4.91,595.38,19.6,595.37,18.7,595.36,3.27,595.34,3.9
1715247490549,1715247490493258000,BINANCE,BNBUSDT,595.56,2.57,595.58,2.57,595.59,0.69,595.6,2.1,595.61,2.12,595.62,10,595.63,0.67,595.64,9.35,595.65,23.03,595.66,8.1,595.55,17.69,595.54,11.56,595.53,14.05,595.52,9.11,595.51,6.83,595.5,12.64,595.49,13.54,595.48,8.96,595.47,15.17,595.46,9.75
1715247490802,1715247490739674000,BINANCE,BNBUSDT,595.56,10.59,595.57,0.67,595.58,2.57,595.59,25.34,595.6,2.1,595.61,2.12,595.63,2.77,595.64,16.12,595.65,23.03,595.66,9.1,595.55,2.63,595.54,0.05,595.53,3.91,595.51,2.5,595.5,6.41,595.49,7.49,595.48,7.5,595.47,15.84,595.46,6.1,595.45,6.76
1715247491065,1715247491001924000,BINANCE,BNBUSDT,595.42,7.36,595.43,10.25,595.44,4.67,595.45,16.3,595.46,67.86,595.47,43.99,595.48,19.05,595.49,21.54,595.5,6.65,595.51,14.74,595.41,4.92,595.4,2.57,595.39,0.01,595.38,2.57,595.37,0.7,595.36,2.6,595.35,5.45,595.34,16.76,595.33,1.38,595.32,1.38
1715247491315,1715247491251013000,BINANCE,BNBUSDT,595.42,14.2,595.43,7.25,595.44,4.67,595.45,15.64,595.46,11.85,595.47,10.98,595.48,12.87,595.49,21.54,595.5,6.65,595.51,14.74,595.41,10.79,595.4,2.57,595.39,0.68,595.38,2.57,595.37,0.7,595.36,2.6,595.33,1.38,595.32,1.38,595.31,0.1,595.3,0.74
1715247491563,1715247491501912000,BINANCE,BNBUSDT,595.42,5.92,595.45,3.48,595.46,6.07,595.47,0.67,595.48,3.74,595.49,10.78,595.5,8.39,595.51,9.82,595.52,7.49,595.53,0.68,595.41,10.79,595.4,2.57,595.39,0.68,595.38,2.57,595.37,0.7,595.36,2.6,595.33,1.38,595.32,1.38,595.31,0.1,595.3,1.57
1715247491823,1715247491758551000,BINANCE,BNBUSDT,595.42,5.92,595.45,3.48,595.46,6.07,595.47,5.7,595.48,3.74,595.49,10.78,595.5,8.39,595.51,9.82,595.52,7.49,595.53,0.68,595.41,10.73,595.4,2.57,595.39,0.68,595.38,2.57,595.37,0.7,595.36,2.6,595.33,1.38,595.32,1.38,595.31,0.77,595.3,1.57
1715247492127,1715247492054693000,BINANCE,BNBUSDT,595.47,0.81,595.48,3.73,595.49,10.8,595.5,8.39,595.51,9.82,595.52,7.49,595.53,0.68,595.54,21.74,595.55,15.63,595.56,33.84,595.45,6.43,595.44,9.01,595.43,0.67,595.42,28.72,595.41,9.73,595.4,2.57,595.39,0.68,595.38,2.57,595.37,2.95,595.36,6.97
1715247492370,1715247492305743000,BINANCE,BNBUSDT,595.49,0.18,595.5,2.57,595.52,5.88,595.53,11.7,595.54,2.57,595.55,14.63,595.56,32.04,595.57,3.67,595.58,8.16,595.59,18.44,595.48,38.25,595.47,23.47,595.46,11.63,595.45,0.68,595.44,2.57,595.43,8.15,595.42,20.07,595.41,15.29,595.4,2.57,595.39,0.68
1715247492627,1715247492569269000,BINANCE,BNBUSDT,595.49,4.97,595.5,2.57,595.51,0.67,595.52,5.88,595.53,6.67,595.54,2.57,595.55,19.66,595.56,32.04,595.57,3.67,595.58,8.16,595.48,30.87,595.47,17.87,595.46,11.63,595.45,0.68,595.44,2.57,595.43,0.67,595.42,20.07,595.41,15.29,595.4,2.57,595.39,2.89
1715247492916,1715247492843965000,BINANCE,BNBUSDT,595.49,0.25,595.5,2.57,595.51,0.67,595.52,5.88,595.53,6.67,595.54,2.57,595.55,19.66,595.56,32.04,595.57,3.67,595.58,8.16,595.48,30.73,595.47,18.54,595.46,11.63,595.45,0.68,595.44,2.57,595.43,0.67,595.42,20.07,595.41,15.29,595.4,2.57,595.39,2.89
1715247493257,1715247493184948000,BINANCE,BNBUSDT,595.49,1.65,595.5,2.57,595.52,5.88,595.53,6.67,595.54,2.58,595.55,19.66,595.56,32.04,595.57,3.67,595.58,8.16,595.59,18.46,595.48,30.78,595.47,18.54,595.46,11.51,595.45,0.68,595.44,2.57,595.43,0.67,595.42,20.09,595.41,15.29,595.4,2.57,595.39,2.91
1715247493506,1715247493445058000,BINANCE,BNBUSDT,595.53,4.47,595.54,2.72,595.55,13.83,595.56,32.04,595.57,3.67,595.58,7.62,595.59,2.48,595.6,9.39,595.61,15.08,595.62,48.55,595.52,2.57,595.5,4.46,595.49,8.97,595.48,5.52,595.47,3.29,595.46,7.46,595.45,0.68,595.44,7.06,595.43,0.67,595.42,6.99
1715247493736,1715247493699008000,BINANCE,BNBUSDT,595.53,9.94,595.54,2.71,595.55,13.83,595.56,32.04,595.57,3.67,595.58,4.4,595.59,11.58,595.6,9.39,595.61,2.79,595.62,6.82,595.52,10.15,595.5,2.57,595.49,8.97,595.48,2.87,595.47,7.76,595.46,7.46,595.45,0.68,595.44,7.06,595.43,0.75,595.42,6.99
1715247493990,1715247493959862000,BINANCE,BNBUSDT,595.53,9.94,595.54,2.72,595.55,13.83,595.56,32.04,595.57,3.67,595.58,4.4,595.59,12.25,595.6,9.39,595.61,2.79,595.62,6.82,595.52,10.15,595.5,2.57,595.49,8.45,595.48,4.63,595.47,7.76,595.46,7.46,595.45,0.68,595.44,7.06,595.43,0.75,595.42,6.99
1715247494295,1715247494223055000,BINANCE,BNBUSDT,595.53,9.95,595.54,2.72,595.55,13.83,595.56,32.04,595.57,3.67,595.58,9.43,595.59,7.22,595.6,9.39,595.61,2.79,595.62,6.82,595.52,2.68,595.5,2.57,595.49,3.45,595.48,4.63,595.47,7.09,595.46,7.46,595.45,0.68,595.44,7.06,595.43,0.75,595.42,6.99
1715247494568,1715247494500375000,BINANCE,BNBUSDT,595.47,20.54,595.48,57.05,595.49,11.62,595.5,4.18,595.51,0.67,595.52,9.46,595.53,6.28,595.54,7.74,595.55,13.83,595.56,32.04,595.46,2.55,595.45,2.33,595.44,7.06,595.43,0.08,595.42,1.99,595.41,3.81,595.4,2.57,595.39,2.86,595.38,6.51,595.37,1
1715247494820,1715247494749151000,BINANCE,BNBUSDT,595.4,40.31,595.41,8.79,595.42,5.66,595.43,16.97,595.44,36.83,595.45,9.9,595.46,13.27,595.47,9.75,595.48,20.27,595.49,5.77,595.39,0.01,595.37,0.3,595.36,2.6,595.35,4.32,595.33,0.01,595.32,0.03,595.31,0.1,595.3,0.02,595.28,0.01,595.27,0.52
1715247495075,1715247495021771000,BINANCE,BNBUSDT,595.31,0.02,595.32,2.57,595.33,2.1,595.34,5.88,595.35,0.67,595.36,11.04,595.37,4.87,595.38,9.58,595.39,18.74,595.4,18.72,595.3,11.6,595.29,0.67,595.28,2.58,595.27,1.19,595.26,2.61,595.25,4.5,595.24,2.18,595.23,0.03,595.22,3.48,595.21,12.29
1715247495347,1715247495275099000,BINANCE,BNBUSDT,595.38,4.13,595.39,11.19,595.4,7.68,595.41,0.68,595.42,7.68,595.43,3.12,595.44,10.69,595.45,3.34,595.46,9.41,595.47,11.07,595.37,10.61,595.36,16.47,595.35,11.16,595.34,18.34,595.33,11.34,595.32,20.65,595.31,16.32,595.3,11.49,595.29,0.67,595.28,2.58
1715247495591,1715247495526652000,BINANCE,BNBUSDT,595.38,4.39,595.39,11.19,595.4,8.83,595.41,0.68,595.42,2.65,595.43,5.05,595.44,15.72,595.45,3.34,595.46,9.41,595.47,11.07,595.37,10.7,595.36,16.63,595.35,11.16,595.34,18.34,595.33,11.34,595.32,20.66,595.31,16.31,595.3,11.49,595.29,4.67,595.28,2.58
1715247495859,1715247495784026000,BINANCE,BNBUSDT,595.38,4.39,595.39,11.19,595.4,8.83,595.41,0.68,595.42,2.57,595.43,4.98,595.44,15.72,595.45,3.34,595.46,9.41,595.47,11.07,595.37,10.73,595.36,11.63,595.35,11.16,595.34,18.34,595.33,11.31,595.32,20.66,595.31,16.31,595.3,11.49,595.29,4.67,595.28,2.58
1715247496213,1715247496157617000,BINANCE,BNBUSDT,595.37,20.9,595.38,7.54,595.39,9.02,595.4,13.32,595.41,16.28,595.42,2.57,595.43,14.97,595.44,5.66,595.45,7.7,595.46,27.84,595.36,0.2,595.34,2.57,595.33,8.96,595.32,18.01,595.31,14.58,595.3,11.49,595.29,4.69,595.28,2.58,595.27,1.19,595.26,4.57
1715247496477,1715247496415482000,BINANCE,BNBUSDT,595.37,21.22,595.38,7.54,595.39,9.02,595.4,13.32,595.41,16.28,595.42,11.68,595.43,16.36,595.44,5.66,595.45,7.7,595.46,11.58,595.36,0.15,595.34,2.57,595.33,8.96,595.32,18.01,595.31,14.58,595.3,11.49,595.29,4.69,595.28,2.58,595.27,1.19,595.26,4.57
1715247496818,1715247496749429000,BINANCE,BNBUSDT,595.35,12.7,595.36,11.13,595.37,9.23,595.38,10.07,595.39,10.17,595.4,12.71,595.41,5.71,595.42,2.57,595.43,12.48,595.44,21.26,595.34,2.57,595.33,8.96,595.32,11.49,595.31,13.91,595.3,11.49,595.29,4.67,595.28,2.58,595.27,1.19,595.26,4.57,595.25,5.17
1715247497106,1715247497040370000,BINANCE,BNBUSDT,595.35,17.13,595.36,11.13,595.37,8.79,595.38,10.06,595.39,10.17,595.4,12.71,595.41,5.71,595.42,2.57,595.43,0.67,595.44,5.66,595.34,2.99,595.33,8.96,595.32,11.49,595.31,13.91,595.3,11.49,595.29,4.67,595.28,2.58,595.27,1.19,595.26,4.57,595.25,5.17
1715247497367,1715247497294647000,BINANCE,BNBUSDT,595.35,17.23,595.36,9.74,595.37,8.79,595.38,10.06,595.39,10.17,595.4,12.71,595.41,5.71,595.42,2.57,595.43,0.67,595.44,5.66,595.34,3.08,595.33,8.96,595.32,11.49,595.31,13.91,595.3,11.49,595.29,4.67,595.28,2.58,595.27,1.19,595.26,4.57,595.25,5.17
1715247497700,1715247497635420000,BINANCE,BNBUSDT,595.35,9.82,595.36,9.74,595.37,5.76,595.38,10.06,595.39,10.17,595.4,12.71,595.41,10.74,595.42,2.57,595.43,0.67,595.44,5.66,595.34,11.64,595.33,9.63,595.32,11.49,595.31,14.58,595.3,11.49,595.29,4.67,595.28,2.58,595.27,1.19,595.26,4.57,595.25,5.17
1715247498038,1715247497971296000,BINANCE,BNBUSDT,595.35,9.82,595.36,9.74,595.37,5.76,595.38,7.53,595.39,10.17,595.4,12.08,595.41,15.77,595.42,2.57,595.43,0.67,595.44,5.66,595.34,11.61,595.33,8.96,595.32,11.49,595.31,14.58,595.3,11.49,595.29,4.67,595.28,2.58,595.27,1.19,595.26,4.57,595.25,5.17
1715247498286,1715247498242749000,BINANCE,BNBUSDT,595.35,10.79,595.36,9.74,595.37,5.76,595.38,7.53,595.39,10.17,595.4,22.11,595.41,10.74,595.42,2.57,595.43,0.67,595.44,5.66,595.34,0.55,595.33,4.1,595.32,2.58,595.3,7.44,595.29,4,595.28,2.58,595.27,0.52,595.26,4.57,595.25,5.17,595.24,2.12
1715247498557,1715247498495842000,BINANCE,BNBUSDT,595.35,1.69,595.36,0.01,595.37,0.8,595.38,5.41,595.39,10.17,595.4,7.68,595.41,0.68,595.42,5.57,595.43,0.67,595.44,5.66,595.34,10.49,595.33,0.67,595.32,2.58,595.31,3.12,595.3,7.44,595.29,4.67,595.28,2.58,595.27,1.19,595.26,4.57,595.25,5.17
1715247498813,1715247498755163000,BINANCE,BNBUSDT,595.35,1.69,595.37,0.13,595.38,0.81,595.39,5.19,595.4,2.66,595.41,7.9,595.42,12.63,595.43,0.67,595.44,5.66,595.45,3.34,595.34,10.49,595.33,0.67,595.32,2.58,595.31,3.12,595.3,7.44,595.29,4.67,595.28,2.58,595.27,1.19,595.26,4.57,595.25,5.17
1715247499076,1715247499020708000,BINANCE,BNBUSDT,595.35,1.69,595.37,0.13,595.38,0.81,595.39,4.04,595.4,2.66,595.41,7.92,595.42,12.63,595.43,1.83,595.44,5.66,595.45,3.34,595.34,10.55,595.33,0.67,595.32,2.58,595.31,3.12,595.3,7.44,595.29,4.67,595.28,2.58,595.27,1.19,595.26,4.57,595.25,5.17
1715247499344,1715247499281847000,BINANCE,BNBUSDT,595.46,10.06,595.48,2.1,595.49,2.19,595.5,7.62,595.52,2.68,595.53,0.01,595.54,5.9,595.55,13.99,595.56,32.34,595.57,2.24,595.45,23.05,595.44,19.27,595.43,14.23,595.42,15.56,595.41,14.46,595.4,24.96,595.39,25.98,595.38,20.12,595.37,2.47,595.36,2.57
1715247499609,1715247499534863000,BINANCE,BNBUSDT,595.5,10.04,595.51,0.67,595.52,5.5,595.53,5.86,595.54,46.09,595.55,20.98,595.56,34.5,595.57,1.67,595.58,7.2,595.59,20.4,595.49,0.01,595.48,2.57,595.46,13.83,595.45,21.66,595.44,17.47,595.43,9.97,595.42,13.77,595.41,20.51,595.4,27.31,595.39,5.67
1715247499868,1715247499795684000,BINANCE,BNBUSDT,595.46,40.1,595.47,16.49,595.48,6.08,595.49,21.29,595.5,38.07,595.51,39.11,595.52,18.12,595.53,10.14,595.54,47.07,595.55,13.16,595.43,0.01,595.41,6.06,595.4,11.55,595.38,2.59,595.37,3.83,595.36,2.57,595.35,2.04,595.34,4.57,595.33,5.79,595.32,2.58
1715247500116,1715247500060614000,BINANCE,BNBUSDT,595.33,9.86,595.34,12.53,595.35,11.36,595.36,16.32,595.37,8.27,595.38,17.36,595.39,18.9,595.4,28.65,595.41,31.21,595.42,19.75,595.32,4.26,595.31,0.08,595.3,2.58,595.28,2.58,595.27,1.19,595.26,1.22,595.25,1.56,595.24,0.72,595.23,4.89,595.22,5.07
1715247500378,1715247500314477000,BINANCE,BNBUSDT,595.33,10.08,595.34,12.53,595.35,11.36,595.36,22.13,595.37,8.27,595.38,12.33,595.39,13.87,595.4,23.62,595.41,27.34,595.42,19.75,595.32,8.16,595.31,0.08,595.3,2.58,595.28,2.58,595.27,1.19,595.26,1.22,595.25,2.23,595.24,2.58,595.23,5.56,595.22,5.07
1715247500634,1715247500569728000,BINANCE,BNBUSDT,595.36,5.09,595.37,6.28,595.38,7.4,595.39,12.07,595.4,12.58,595.41,17.94,595.42,12.1,595.43,8.12,595.44,26.96,595.45,8.46,595.35,35.15,595.34,19.31,595.33,13.79,595.32,10.78,595.31,0.75,595.3,2.58,595.29,0.67,595.28,2.58,595.27,1.19,595.26,1.22
1715247500912,1715247500857110000,BINANCE,BNBUSDT,595.41,5.59,595.42,7.24,595.43,0.67,595.44,2.58,595.45,0.67,595.46,3.79,595.47,10.73,595.48,2.58,595.49,5.81,595.5,21.28,595.4,12.72,595.39,9.37,595.38,21.57,595.37,16.27,595.36,16.37,595.35,26.74,595.34,16.37,595.33,14.46,595.32,10.71,595.31,0.75
1715247501170,1715247501103783000,BINANCE,BNBUSDT,595.46,7.75,595.48,2.57,595.49,3.97,595.5,12.69,595.51,4.54,595.52,13.87,595.53,10,595.54,6.64,595.55,13.16,595.56,29.47,595.45,14.08,595.44,16.36,595.43,18.1,595.42,16.16,595.41,21.27,595.4,6.91,595.39,17.03,595.38,21.57,595.37,16.32,595.36,16.37
1715247501434,1715247501363027000,BINANCE,BNBUSDT,595.46,3.17,595.48,2.57,595.49,3.97,595.5,7.66,595.51,9.58,595.52,18.9,595.53,10,595.54,6.64,595.55,13.99,595.56,29.47,595.45,14.52,595.44,16.36,595.43,18.1,595.42,18.57,595.41,21.27,595.4,6.86,595.39,17.03,595.38,21.57,595.37,20.29,595.36,16.37
1715247501694,1715247501621094000,BINANCE,BNBUSDT,595.46,7.98,595.47,0.67,595.48,2.57,595.49,8.97,595.5,23.92,595.51,9.58,595.52,18.9,595.53,10.67,595.54,6.64,595.55,13.99,595.45,7.76,595.44,16.36,595.43,16.3,595.42,18.57,595.41,16.27,595.4,6.86,595.39,17.03,595.38,21.57,595.37,20.29,595.36,16.37
1715247501958,1715247501883144000,BINANCE,BNBUSDT,595.46,9.83,595.47,0.67,595.48,2.57,595.49,13,595.5,30.89,595.51,19.64,595.52,5.78,595.53,5.67,595.54,9.64,595.55,13.16,595.45,0.44,595.44,2.57,595.42,18.57,595.41,13.82,595.4,6.86,595.39,17.03,595.38,21.57,595.37,20.29,595.36,16.37,595.35,8.21
1715247502220,1715247502147690000,BINANCE,BNBUSDT,595.46,9.91,595.47,0.67,595.48,2.58,595.49,13,595.5,30.89,595.51,19.63,595.52,5.78,595.53,5.67,595.54,9.64,595.55,13.16,595.45,0.74,595.42,18.57,595.41,13.82,595.4,6.86,595.39,16.36,595.38,21.57,595.37,18.51,595.36,16.37,595.35,8.21,595.34,2.58
1715247502477,1715247502409158000,BINANCE,BNBUSDT,595.43,11.4,595.44,7.44,595.45,17.5,595.46,7.96,595.47,0.67,595.48,12.64,595.49,19.35,595.5,33.44,595.52,5.78,595.53,0.67,595.42,4.24,595.41,8.89,595.4,2.57,595.39,17.03,595.38,21.57,595.37,18.49,595.36,16.37,595.35,6.16,595.34,2.58,595.33,2.83
1715247502731,1715247502668252000,BINANCE,BNBUSDT,595.43,4.03,595.44,5.98,595.45,11.92,595.46,7.9,595.47,2.1,595.48,7.61,595.49,37,595.5,38.47,595.52,5.78,595.53,0.67,595.42,14.17,595.41,9.56,595.4,2.57,595.39,17.03,595.38,21.57,595.37,18.49,595.36,16.37,595.35,6.16,595.34,2.58,595.33,2.83
1715247503162,1715247503089159000,BINANCE,BNBUSDT,595.43,1.93,595.46,3.02,595.47,2.1,595.48,12.64,595.49,26,595.5,27.24,595.52,5.78,595.53,0.67,595.54,6.64,595.55,13.99,595.42,14.33,595.41,9.56,595.4,2.57,595.39,17.03,595.38,21.57,595.37,18.49,595.36,16.37,595.35,6.16,595.34,2.58,595.33,2.83
1715247503566,1715247503505846000,BINANCE,BNBUSDT,595.46,0.49,595.49,13.39,595.5,14.18,595.51,5.7,595.52,5.73,595.53,10.73,595.54,6.64,595.55,13.16,595.56,32.47,595.57,5.92,595.45,19.48,595.44,5.49,595.43,5.36,595.42,14.21,595.41,9.56,595.4,6.87,595.39,17.03,595.38,21.57,595.37,18.51,595.36,16.37
1715247503826,1715247503758951000,BINANCE,BNBUSDT,595.46,7.84,595.47,0.67,595.48,4.68,595.49,10.99,595.5,9.15,595.51,12.33,595.52,23.61,595.53,15.76,595.54,6.64,595.55,13.16,595.45,18.09,595.44,5.49,595.43,4.69,595.42,14.08,595.41,8.89,595.4,6.87,595.39,17.03,595.38,21.57,595.37,18.51,595.36,16.37
1715247504083,1715247504015521000,BINANCE,BNBUSDT,595.46,9,595.47,0.67,595.48,4.68,595.49,18.58,595.5,25.41,595.51,12.33,595.52,30.9,595.53,10.73,595.54,6.64,595.55,13.16,595.45,4.47,595.44,5.49,595.43,4.69,595.42,12.53,595.41,8.89,595.4,6.87,595.39,17.03,595.38,21.57,595.37,18.51,595.36,16.37
1715247504359,1715247504294018000,BINANCE,BNBUSDT,595.48,7.27,595.49,0.7,595.5,9.15,595.51,17.39,595.52,24.9,595.53,20.79,595.54,15.11,595.55,13.16,595.56,34.92,595.57,19.43,595.47,4.3,595.46,2.57,595.45,6.88,595.44,5.49,595.43,4.69,595.42,12.53,595.41,9.56,595.4,6.88,595.39,17.03,595.38,16.36
1715247504634,1715247504563928000,BINANCE,BNBUSDT,595.45,7.47,595.46,8.92,595.47,17.52,595.48,27.92,595.49,42.33,595.5,9.15,595.51,16.56,595.52,22.86,595.53,10.73,595.54,20.14,595.44,2.95,595.42,0.09,595.41,0.01,595.4,6.87,595.39,14.68,595.38,16.36,595.37,4.06,595.36,4.58,595.35,4.36,595.34,2.58
1715247504885,1715247504813200000,BINANCE,BNBUSDT,595.45,2.77,595.46,8.92,595.47,11.9,595.48,10.24,595.49,0.7,595.5,14.18,595.51,11.56,595.52,22.86,595.53,0.67,595.54,35.03,595.44,12.12,595.42,2.66,595.41,0.01,595.4,6.87,595.39,15.35,595.38,16.36,595.37,4.73,595.36,4.58,595.35,4.36,595.34,2.58
1715247505138,1715247505073101000,BINANCE,BNBUSDT,595.46,4.85,595.47,5.67,595.48,2.45,595.49,6.53,595.5,4.1,595.51,18.85,595.52,29.86,595.53,5.7,595.54,31.66,595.55,13.83,595.45,13.7,595.44,12.12,595.43,0.67,595.42,2.66,595.41,0.68,595.4,6.87,595.39,15.35,595.38,16.38,595.37,4.73,595.36,4.58
1715247505576,1715247505508302000,BINANCE,BNBUSDT,595.46,0.86,595.47,5.67,595.48,4.36,595.49,5.7,595.5,4.1,595.51,18.85,595.52,29.86,595.53,5.7,595.54,31.66,595.55,13.83,595.45,15.17,595.44,12.12,595.43,0.67,595.42,2.66,595.41,0.68,595.4,6.87,595.39,15.35,595.38,16.38,595.37,4.73,595.36,4.58
1715247505810,1715247505792052000,BINANCE,BNBUSDT,595.46,0.86,595.47,5.67,595.48,4.36,595.49,6.53,595.5,4.1,595.51,18.85,595.52,24.83,595.53,10.73,595.54,31.66,595.55,13.83,595.45,15.17,595.44,12.12,595.43,0.67,595.42,2.66,595.41,0.68,595.4,6.87,595.39,15.35,595.38,16.38,595.37,4.73,595.36,4.58
1715247506208,1715247506134609000,BINANCE,BNBUSDT,595.46,9.67,595.47,5.67,595.48,2.46,595.49,19.34,595.5,45.73,595.51,18.85,595.52,29.86,595.53,5.7,595.54,25.83,595.55,13.83,595.45,6.13,595.44,9.54,595.42,2.66,595.41,0.01,595.4,6.87,595.39,15.35,595.38,16.38,595.37,4.73,595.36,4.58,595.35,6.19
1715247506445,1715247506388855000,BINANCE,BNBUSDT,595.46,17,595.47,5.67,595.48,2.46,595.49,19.34,595.5,50.76,595.51,28.91,595.52,29.03,595.53,0.67,595.54,25.83,595.55,13.83,595.45,1.63,595.44,9.54,595.42,2.93,595.41,0.01,595.4,6.87,595.39,15.35,595.38,16.38,595.37,4.73,595.36,4.58,595.35,6.19
1715247506756,1715247506685916000,BINANCE,BNBUSDT,595.46,7.81,595.48,2.45,595.49,5.7,595.5,4.11,595.51,28.91,595.52,19.8,595.53,7.01,595.54,25.83,595.55,13.83,595.56,29.47,595.45,10.21,595.44,9.54,595.43,0.67,595.42,2.93,595.41,0.68,595.4,6.87,595.39,15.35,595.38,16.38,595.37,4.73,595.36,4.58
1715247507009,1715247506947161000,BINANCE,BNBUSDT,595.46,7.69,595.48,4.32,595.49,6.53,595.5,4.11,595.51,18.85,595.52,29.86,595.53,7.01,595.54,25.83,595.55,13.83,595.56,29.47,595.45,10.21,595.44,9.54,595.43,4.1,595.42,2.93,595.41,0.68,595.4,6.87,595.39,15.35,595.38,16.38,595.37,4.73,595.36,4.58
1715247507291,1715247507223226000,BINANCE,BNBUSDT,595.46,12.31,595.47,0.67,595.48,4.32,595.49,6.53,595.5,4.11,595.51,23.88,595.52,29.86,595.53,12.04,595.54,25.83,595.55,13.83,595.45,9.65,595.44,9.54,595.43,4.1,595.42,2.93,595.41,0.68,595.4,6.87,595.39,15.35,595.38,16.38,595.37,4.73,595.36,4.58
1715247507532,1715247507483188000,BINANCE,BNBUSDT,595.46,12.57,595.47,0.67,595.48,2.45,595.49,14.95,595.5,30.14,595.51,23.88,595.52,29.86,595.53,12.04,595.54,25.83,595.55,13.83,595.45,5.81,595.44,9.54,595.43,3.43,595.42,2.93,595.41,0.68,595.4,6.87,595.39,15.35,595.38,16.38,595.37,4.73,595.36,4.58
1715247507889,1715247507818566000,BINANCE,BNBUSDT,595.46,12.57,595.47,0.67,595.48,2.45,595.49,14.95,595.5,30.14,595.51,28.91,595.52,34.89,595.53,1.98,595.54,25.83,595.55,13.83,595.45,1.76,595.44,6.97,595.43,3.43,595.42,2.93,595.41,0.01,595.4,6.87,595.39,14.68,595.38,16.38,595.37,4.73,595.36,4.58
1715247508138,1715247508083678000,BINANCE,BNBUSDT,595.46,12.57,595.47,0.67,595.48,2.45,595.49,14.95,595.5,30.14,595.51,28.91,595.52,34.89,595.53,1.98,595.54,25.83,595.55,13.83,595.45,1.85,595.44,6.97,595.43,3.43,595.42,2.84,595.41,0.01,595.4,6.87,595.39,14.68,595.38,16.38,595.37,4.73,595.36,4.58
1715247508425,1715247508352054000,BINANCE,BNBUSDT,595.46,12.57,595.47,0.67,595.48,2.45,595.49,14.95,595.5,30.14,595.51,28.91,595.52,34.89,595.53,1.98,595.54,25.83,595.55,13.83,595.45,1.93,595.44,6.97,595.43,3.43,595.42,2.84,595.41,0.01,595.4,6.87,595.39,14.68,595.38,16.38,595.37,4.73,595.36,4.58
1715247508722,1715247508647754000,BINANCE,BNBUSDT,595.09,10.17,595.11,4.2,595.12,5.66,595.13,4.6,595.14,7.61,595.15,10.08,595.16,2.57,595.17,6.58,595.18,10.73,595.19,4.01,595.08,20.13,595.07,0.09,595.06,2.7,595.02,1.33,595.01,4.56,595,6.06,594.99,6.92,594.98,16.86,594.96,3.03,594.95,7.1
1715247508974,1715247508903734000,BINANCE,BNBUSDT,595.09,10.71,595.11,4.2,595.12,5.66,595.13,4.59,595.14,16.35,595.15,15.12,595.16,12.71,595.17,6.58,595.18,10.73,595.19,4.01,595.08,20.23,595.07,0.08,595.06,3.31,595.02,1.33,595.01,4.62,595,6.06,594.99,6.93,594.98,16.86,594.96,12.91,594.95,7.1
1715247509228,1715247509157773000,BINANCE,BNBUSDT,595.09,10.76,595.1,2.57,595.11,4.2,595.12,5.66,595.13,5.77,595.14,26.43,595.15,20.83,595.16,2.66,595.17,6.58,595.18,10.73,595.08,11.94,595.07,0.08,595.06,3.31,595.02,1.33,595.01,4.56,595,6.14,594.99,6.93,594.98,16.84,594.96,12.91,594.95,7.1
1715247509498,1715247509431673000,BINANCE,BNBUSDT,595.09,10.07,595.1,2.57,595.11,7.96,595.12,6.33,595.14,2.57,595.15,6.52,595.16,4.5,595.17,6.58,595.18,16.57,595.19,7.01,595.08,0.33,595.07,0.08,595.06,2.64,595.04,2.57,595.03,0.67,595.02,0.01,595.01,3.72,595,6.81,594.99,11.8,594.98,16.84
1715247509749,1715247509676301000,BINANCE,BNBUSDT,595.09,5.44,595.1,2.57,595.11,0.01,595.12,7.57,595.13,11.32,595.14,27.38,595.15,10.08,595.16,2.66,595.17,4.78,595.18,10.73,595.08,13.67,595.07,0.08,595.06,3.31,595.04,2.57,595.03,4.25,595.02,0.01,595.01,3.72,595,6.75,594.99,11.8,594.98,16.84
1715247510007,1715247509945208000,BINANCE,BNBUSDT,595.09,5.11,595.1,1.17,595.11,0.01,595.12,7.57,595.13,6.28,595.14,22.34,595.15,15.12,595.16,12.74,595.17,4.78,595.18,10.73,595.08,13.67,595.07,0.08,595.06,3.31,595.04,2.57,595.03,4.25,595.02,0.01,595.01,3.72,595,10.78,594.99,11.8,594.98,16.84
1715247510261,1715247510190376000,BINANCE,BNBUSDT,595.1,2.05,595.11,0.01,595.12,2.57,595.13,6.28,595.14,22.34,595.15,15.12,595.16,12.74,595.18,3.84,595.19,7.01,595.2,25.61,595.09,33.2,595.08,13.6,595.07,0.08,595.06,3.31,595.04,2.57,595.03,4.25,595.02,0.01,595.01,3.72,595,10.78,594.99,11.8
1715247510504,1715247510438270000,BINANCE,BNBUSDT,595.1,2.42,595.12,2.57,595.14,8.39,595.15,15.12,595.16,17.78,595.17,10.08,595.18,3.84,595.19,7.01,595.2,25.61,595.21,2.67,595.09,34.14,595.08,13.57,595.07,0.08,595.06,3.31,595.04,2.57,595.03,4.25,595.02,0.01,595.01,3.78,595,10.78,594.99,11.8
1715247510764,1715247510699020000,BINANCE,BNBUSDT,595.14,3.01,595.15,10.1,595.16,7.67,595.17,10.08,595.18,4.41,595.19,17.09,595.2,35.15,595.21,2.67,595.22,9.21,595.23,15.24,595.13,19.56,595.12,19.22,595.11,9.93,595.1,5.43,595.09,20.56,595.08,13.3,595.07,2.51,595.06,7.61,595.05,0.32,595.04,2.57
1715247511029,1715247510959740000,BINANCE,BNBUSDT,595.17,1.52,595.19,24.71,595.2,18.13,595.21,10.08,595.22,8.01,595.23,8.65,595.24,21.7,595.25,19.99,595.26,2.59,595.27,3.31,595.16,28.85,595.15,14.25,595.14,16.43,595.13,22.88,595.12,17.74,595.11,13.84,595.1,7.48,595.09,20.18,595.08,13.3,595.07,2.51
1715247511288,1715247511212622000,BINANCE,BNBUSDT,595.22,6.06,595.23,0.01,595.26,3.74,595.28,0.93,595.29,2.11,595.3,4.8,595.31,9.41,595.32,9.79,595.33,8.39,595.34,14.69,595.21,22.62,595.2,21.97,595.19,18.89,595.18,10.23,595.17,25.06,595.16,23.21,595.15,14.25,595.14,20.55,595.13,24.21,595.12,17.74
1715247511529,1715247511468563000,BINANCE,BNBUSDT,595.22,16.47,595.23,8.76,595.24,10.9,595.25,18.77,595.26,13.14,595.27,21.52,595.28,103.85,595.29,73.23,595.3,21.33,595.31,15.95,595.21,9.53,595.2,2.57,595.19,0.35,595.18,2.58,595.16,2.58,595.15,4.45,595.14,11.7,595.13,0.94,595.12,6.22,595.11,6.22
1715247511797,1715247511735009000,BINANCE,BNBUSDT,595.22,2.76,595.25,0.83,595.26,2.57,595.27,15.12,595.28,20.2,595.29,6.01,595.3,8.45,595.31,7.91,595.32,12.98,595.33,9.07,595.21,10.5,595.2,2.57,595.19,0.16,595.18,3.25,595.17,4.67,595.16,2.65,595.15,4.45,595.14,11.71,595.13,1.24,595.12,11.1
1715247512051,1715247511987887000,BINANCE,BNBUSDT,595.22,2.79,595.26,6.76,595.27,10.08,595.28,5.08,595.29,6.03,595.3,8.45,595.31,7.02,595.32,12.62,595.33,13.21,595.34,14.7,595.21,10.65,595.2,2.57,595.19,0.16,595.18,3.25,595.17,4.67,595.16,2.65,595.15,4.45,595.14,11.73,595.13,1.24,595.12,11.1
1715247512317,1715247512245540000,BINANCE,BNBUSDT,595.28,5.14,595.29,0.01,595.3,2.57,595.31,4.05,595.32,3.98,595.33,4.14,595.34,10.08,595.35,3.9,595.36,16.28,595.37,20.16,595.27,18.37,595.26,25.48,595.25,18.85,595.24,3.4,595.23,9.42,595.22,24.33,595.21,5.56,595.2,4.03,595.19,2.7,595.18,7.7
1715247512575,1715247512500093000,BINANCE,BNBUSDT,595.28,5.19,595.29,0.01,595.3,2.57,595.31,4.05,595.32,3.98,595.33,14.2,595.34,15.14,595.35,19.95,595.36,16.28,595.37,18.59,595.27,18.99,595.26,25.48,595.25,18.53,595.24,3.4,595.23,6.85,595.22,28.6,595.21,5.13,595.2,4.03,595.19,2.76,595.18,7.7
1715247512812,1715247512758200000,BINANCE,BNBUSDT,595.28,0.25,595.29,0.01,595.3,2.57,595.31,4.05,595.32,3.98,595.33,5.03,595.34,16.71,595.35,23.55,595.36,16.28,595.37,18.59,595.27,19.25,595.26,25.48,595.25,18.53,595.24,3.4,595.23,6.85,595.22,28.6,595.21,4.88,595.2,4.03,595.19,2.76,595.18,7.7
1715247513091,1715247513019077000,BINANCE,BNBUSDT,595.28,0.25,595.29,0.01,595.3,2.57,595.31,4.05,595.32,3.98,595.33,5.03,595.34,21.74,595.35,23.55,595.36,13.26,595.37,18.61,595.27,19.25,595.26,25.48,595.25,18.53,595.24,2.73,595.23,6.85,595.22,28.6,595.21,4.9,595.2,4.05,595.19,2.76,595.18,7.7
1715247513367,1715247513296620000,BINANCE,BNBUSDT,595.28,9.51,595.29,0.68,595.3,2.57,595.31,28.32,595.32,45.61,595.33,10.74,595.34,26.8,595.35,8.46,595.36,13.26,595.37,18.61,595.27,0.95,595.26,2.57,595.24,2.73,595.23,6.85,595.22,23.89,595.21,4.41,595.2,2.59,595.19,3.43,595.18,6.89,595.17,0.67
1715247513638,1715247513590031000,BINANCE,BNBUSDT,595.19,22.78,595.2,2.57,595.21,16.27,595.22,21.06,595.23,18.31,595.24,7.31,595.25,13.31,595.26,51.35,595.27,58.05,595.28,46.33,595.18,2.58,595.16,2.58,595.15,3.78,595.14,6.7,595.13,3.08,595.12,3.24,595.11,6.47,595.1,9.86,595.09,5.65,595.07,2.18
1715247513894,1715247513831327000,BINANCE,BNBUSDT,595.12,10.7,595.13,0.67,595.14,22.6,595.15,18.31,595.16,18.14,595.17,5.55,595.18,27.2,595.19,26.15,595.2,15.59,595.21,14.17,595.11,2.07,595.1,2.57,595.08,2.57,595.07,2.18,595.06,6.53,595.05,0.67,595.04,0.23,595.03,2.54,595.02,0.69,595.01,3.56
1715247514159,1715247514101182000,BINANCE,BNBUSDT,595.12,10.7,595.13,0.68,595.14,17.91,595.15,18.31,595.16,18.14,595.17,5.55,595.18,27.2,595.19,26.15,595.2,15.59,595.21,14.17,595.11,2.17,595.08,2.57,595.07,2.18,595.06,6.53,595.05,0.67,595.04,2.37,595.03,6.7,595.02,0.62,595.01,3.56,595,6.06
1715247514429,1715247514368845000,BINANCE,BNBUSDT,595.12,9.42,595.13,0.68,595.14,17.91,595.15,27.36,595.16,38.78,595.17,15.63,595.18,37.28,595.19,26.16,595.2,15.59,595.21,14.17,595.11,2.89,595.1,2.57,595.08,2.57,595.07,2.18,595.06,6.53,595.05,0.67,595.04,2.14,595.03,6.7,595.02,0.62,595.01,3.63
1715247514695,1715247514620501000,BINANCE,BNBUSDT,595.12,10.46,595.13,0.01,595.14,17.91,595.15,27.36,595.16,18.14,595.17,15.63,595.18,37.28,595.19,26.16,595.2,15.59,595.21,14.17,595.11,5.57,595.1,2.57,595.08,2.57,595.07,2.85,595.06,6.53,595.05,0.67,595.04,2.14,595.03,4.83,595.02,0.01,595.01,3.63
1715247514953,1715247514878721000,BINANCE,BNBUSDT,595.12,10.41,595.13,0.01,595.14,17.91,595.15,27.36,595.16,39.44,595.17,15.63,595.18,37.28,595.19,26.16,595.2,15.59,595.21,14.17,595.11,1.14,595.1,2.57,595.08,2.57,595.07,2.85,595.06,6.53,595.05,0.67,595.04,2.14,595.03,4.83,595.02,0.01,595.01,3.63
1715247515211,1715247515142339000,BINANCE,BNBUSDT,595.15,5,595.16,4.96,595.17,20.88,595.18,12.65,595.19,4.23,595.2,12.59,595.21,4.05,595.22,2.65,595.23,20.33,595.24,2.57,595.12,12.05,595.11,10.3,595.1,2.57,595.09,0.67,595.08,2.57,595.07,2.85,595.06,6.53,595.05,0.67,595.04,2.14,595.03,4.83
1715247515462,1715247515403950000,BINANCE,BNBUSDT,595.24,11.44,595.25,0.67,595.26,2.11,595.27,0.68,595.28,3.45,595.29,0.68,595.3,14.92,595.31,6.53,595.32,16.11,595.33,21.92,595.23,7.54,595.22,2.57,595.2,2.57,595.19,5.67,595.18,6.51,595.17,12.05,595.16,12.17,595.15,9.42,595.14,16.03,595.13,2.22
1715247515724,1715247515655407000,BINANCE,BNBUSDT,595.23,20.37,595.24,12.86,595.25,0.67,595.26,2.1,595.27,0.68,595.28,3.45,595.29,8.08,595.3,15.76,595.31,6.54,595.32,16.11,595.22,2.65,595.2,2.57,595.19,0.68,595.18,10.04,595.17,10.23,595.16,11.35,595.15,8.6,595.14,16.03,595.13,3.47,595.12,8.44
1715247515979,1715247515910335000,BINANCE,BNBUSDT,595.21,19.33,595.22,15.38,595.23,16.31,595.24,12.83,595.25,0.67,595.26,2.1,595.27,29.42,595.28,46.3,595.29,8.08,595.3,4.92,595.2,6.65,595.19,0.09,595.18,5.93,595.17,10.23,595.16,11.35,595.15,12.42,595.14,16.03,595.13,3.47,595.12,11.43,595.11,2.85
1715247516243,1715247516197613000,BINANCE,BNBUSDT,595.21,3.93,595.23,8.34,595.24,12.83,595.26,4.67,595.27,18.71,595.28,2.61,595.29,3.04,595.3,2.57,595.31,6.53,595.32,16.11,595.2,14.04,595.19,0.76,595.18,5.93,595.17,10.23,595.16,11.35,595.15,12.42,595.14,16.03,595.13,3.47,595.12,11.43,595.11,2.85
1715247516499,1715247516445728000,BINANCE,BNBUSDT,595.21,4.06,595.23,8.34,595.24,13.97,595.26,9.71,595.27,12.29,595.28,35.45,595.29,3.04,595.3,8.41,595.31,7.53,595.32,16.11,595.2,13.69,595.19,0.68,595.18,5.93,595.17,10.23,595.16,11.35,595.15,12.42,595.14,16.03,595.13,3.47,595.12,11.43,595.11,2.85
1715247516802,1715247516728282000,BINANCE,BNBUSDT,594.97,27.07,594.98,12.13,594.99,16.56,595,751.99,595.01,0.01,595.02,2.1,595.03,0.67,595.04,2.1,595.06,5.67,595.07,2.11,594.96,4.33,594.95,0.12,594.93,0.05,594.92,2.65,594.91,7.55,594.9,16.77,594.89,5.57,594.88,17.29,594.87,2.41,594.86,4.21
1715247517047,1715247516979911000,BINANCE,BNBUSDT,594.93,6.3,594.94,8.76,594.95,11.77,594.96,47.49,594.97,9.76,594.98,28.86,594.99,55.78,595,752.66,595.01,5.68,595.02,12.18,594.92,4.51,594.91,0.05,594.9,2.58,594.89,5.57,594.88,17.96,594.87,2.4,594.86,4.21,594.85,1.33,594.84,2.54,594.83,0.24
1715247517309,1715247517239950000,BINANCE,BNBUSDT,594.93,6.44,594.94,5.81,594.95,11.77,594.96,42.73,594.97,8.93,594.98,28.86,594.99,70.9,595,752.66,595.01,0.01,595.02,2.1,594.92,6.35,594.91,0.05,594.9,2.58,594.89,5.57,594.88,17.96,594.87,2.4,594.86,4.21,594.85,1.33,594.84,2.54,594.83,0.24
1715247517560,1715247517505956000,BINANCE,BNBUSDT,594.96,16.52,594.97,9.6,594.98,17.17,594.99,25.86,595,760.7,595.01,6.19,595.02,5.04,595.03,2.79,595.04,7.88,595.07,5.2,594.95,12.85,594.94,3.71,594.93,0.89,594.92,3.41,594.91,0.05,594.9,2.58,594.89,5.57,594.88,17.96,594.87,2.4,594.86,4.21
1715247517820,1715247517767071000,BINANCE,BNBUSDT,594.96,12.72,594.97,9.44,594.98,14.86,594.99,20.82,595,754.07,595.01,6.19,595.02,20.16,595.03,5.05,595.04,7.88,595.07,5.2,594.95,14.44,594.93,0.89,594.92,3.41,594.91,2.16,594.9,6.4,594.89,5.57,594.88,17.96,594.87,2.4,594.86,4.21,594.85,1.33
1715247518077,1715247518038957000,BINANCE,BNBUSDT,594.96,12.7,594.97,9.44,594.98,14.86,594.99,20.82,595,754.07,595.01,6.19,595.02,15.12,595.03,10.09,595.04,7.88,595.07,5.2,594.95,14.46,594.93,0.89,594.92,3.41,594.91,2.16,594.9,6.4,594.89,5.57,594.88,17.96,594.87,6.64,594.86,4.21,594.85,1.33
1715247518349,1715247518298623000,BINANCE,BNBUSDT,594.96,10.89,594.97,9.44,594.98,14.86,594.99,20.82,595,754.07,595.01,6.19,595.02,15.12,595.03,10.09,595.04,7.88,595.06,0.67,594.95,14.46,594.93,0.89,594.92,3.41,594.91,2.16,594.9,6.4,594.89,5.57,594.88,17.96,594.87,6.64,594.86,4.21,594.85,1.33
1715247518683,1715247518615841000,BINANCE,BNBUSDT,594.91,14.5,594.92,7.48,594.93,5,594.94,16.3,594.95,38.6,594.96,14.69,594.97,14.65,594.98,18.21,594.99,30,595,751.07,594.9,3.81,594.89,0.07,594.88,3.26,594.87,6.64,594.86,4.21,594.85,1.33,594.84,3.57,594.83,0.24,594.82,2.92,594.81,4.52
1715247518939,1715247518879448000,BINANCE,BNBUSDT,594.91,14.79,594.92,7.48,594.93,5.01,594.94,16.3,594.95,59.24,594.96,29.52,594.97,34.81,594.98,18.21,594.99,30,595,751.07,594.9,3.81,594.89,0.07,594.88,3.26,594.87,6.64,594.86,4.21,594.85,1.33,594.84,3.57,594.83,0.24,594.82,2.92,594.81,4.52
1715247519200,1715247519136822000,BINANCE,BNBUSDT,594.91,5.37,594.92,5.57,594.93,5,594.94,16.3,594.95,38.82,594.96,29.52,594.97,34.82,594.98,18.21,594.99,29.16,595,751.07,594.9,13.11,594.89,0.07,594.88,3.26,594.87,6.64,594.86,4.21,594.85,1.33,594.84,3.57,594.83,0.24,594.82,2.92,594.81,4.52
1715247519475,1715247519400397000,BINANCE,BNBUSDT,594.91,12.12,594.92,5.57,594.93,5,594.94,16.3,594.95,50.04,594.96,34.56,594.97,29.78,594.98,23.25,594.99,29.16,595,751.07,594.9,10.84,594.89,0.07,594.88,3.26,594.87,6.64,594.86,4.21,594.85,0.72,594.84,3.57,594.83,0.24,594.82,2.92,594.81,4.42
1715247519738,1715247519677982000,BINANCE,BNBUSDT,594.88,2.89,594.89,0.54,594.9,2.57,594.91,12.58,594.92,20.27,594.93,47.29,594.94,31.25,594.95,60.13,594.96,14.4,594.97,30.26,594.87,13.49,594.86,6.78,594.85,0.71,594.84,3.56,594.83,0.24,594.82,5.49,594.81,4.42,594.8,0.41,594.79,3.13,594.78,4.64
1715247519992,1715247519930962000,BINANCE,BNBUSDT,594.88,9.96,594.89,0.16,594.9,2.57,594.91,9.89,594.92,20.27,594.93,47.96,594.94,31.25,594.95,60.13,594.96,14.4,594.97,30.26,594.87,13.52,594.86,6.78,594.85,0.71,594.84,3.56,594.83,0.24,594.82,5.49,594.81,4.42,594.8,0.41,594.79,3.13,594.78,4.64
1715247520273,1715247520216894000,BINANCE,BNBUSDT,594.86,9.33,594.87,4.76,594.88,7.38,594.89,0.73,594.9,18.17,594.91,5.56,594.92,36.59,594.93,31.04,594.94,20.79,594.95,5.05,594.85,15.13,594.84,7.77,594.83,0.91,594.82,2.25,594.81,4.58,594.8,0.41,594.79,3.13,594.78,4.64,594.77,0.07,594.76,0.69
1715247520548,1715247520476547000,BINANCE,BNBUSDT,594.86,10.01,594.87,4.76,594.88,6.78,594.89,16.71,594.9,18.17,594.91,20.68,594.92,40.83,594.93,36.79,594.94,4.37,594.95,0.01,594.85,14.56,594.84,7.77,594.83,0.91,594.82,2.25,594.81,4.58,594.8,0.41,594.79,3.13,594.78,4.64,594.77,0.07,594.76,2.12
1715247520883,1715247520811240000,BINANCE,BNBUSDT,594.92,15.16,594.93,5.05,594.94,2.57,594.95,12.33,594.96,46.04,594.97,5.72,594.98,27.51,594.99,42.08,595,750.4,595.01,0.68,594.91,16.6,594.9,2.57,594.89,4.2,594.88,6.24,594.87,4.87,594.86,17.61,594.85,11.4,594.84,7.77,594.83,0.91,594.82,2.25
1715247521146,1715247521076161000,BINANCE,BNBUSDT,594.94,7.35,594.95,0.68,594.96,12.6,594.97,27.74,594.98,42.07,594.99,44.03,595,755.44,595.01,5.72,595.02,2.1,595.03,5.05,594.93,11.55,594.91,3.34,594.9,2.57,594.88,2.57,594.87,6.08,594.86,17.61,594.85,11.27,594.84,7.77,594.83,4.59,594.82,2.25
1715247521413,1715247521346965000,BINANCE,BNBUSDT,594.94,7.47,594.95,0.68,594.96,5,594.97,22.7,594.98,37.03,594.99,51.63,595,750.4,595.01,0.68,595.02,2.1,595.03,5.05,594.93,8.96,594.91,3.05,594.9,2.57,594.89,0.67,594.88,2.57,594.87,6.08,594.86,17.61,594.85,11.27,594.84,7.77,594.83,4.59
1715247521632,1715247521604371000,BINANCE,BNBUSDT,594.94,9.57,594.95,0.68,594.96,5.01,594.97,22.7,594.98,37.03,594.99,51.63,595,765.52,595.01,5.72,595.02,2.1,595.03,5.05,594.93,7.97,594.91,3.05,594.9,2.57,594.89,0.67,594.88,2.57,594.87,6.08,594.86,17.61,594.85,11.27,594.84,7.77,594.83,4.59
1715247521934,1715247521865915000,BINANCE,BNBUSDT,594.94,9.57,594.95,0.68,594.96,5.01,594.97,22.7,594.98,37.03,594.99,51.63,595,770.56,595.01,0.68,595.02,2.1,595.03,5.05,594.93,7.94,594.92,0.01,594.91,3.05,594.9,2.57,594.89,0.67,594.88,2.57,594.87,6.08,594.86,17.61,594.85,11.27,594.84,7.77
1715247522188,1715247522158659000,BINANCE,BNBUSDT,594.94,6.97,594.95,0.68,594.96,5.01,594.97,22.7,594.98,37.03,594.99,51.63,595,765.52,595.01,5.72,595.02,2.1,595.03,5.05,594.93,7.94,594.92,0.01,594.91,3.05,594.9,2.57,594.89,0.67,594.88,2.57,594.87,6.08,594.86,17.61,594.85,11.27,594.84,7.77
1715247522515,1715247522452137000,BINANCE,BNBUSDT,594.94,8.86,594.95,0.68,594.96,5.01,594.97,22.7,594.98,37.03,594.99,51.63,595,765.52,595.01,5.72,595.02,2.1,595.03,5.05,594.93,5.79,594.92,0.01,594.91,3.05,594.9,2.57,594.88,2.57,594.87,6.08,594.86,17.61,594.85,9.47,594.84,7.77,594.83,4.59
1715247522840,1715247522771390000,BINANCE,BNBUSDT,594.87,2.1,594.88,10.87,594.89,0.67,594.9,9.48,594.91,6.78,594.92,12.31,594.93,12.21,594.94,38.78,594.95,23.05,594.96,2.57,594.84,2.58,594.83,3.92,594.81,0.7,594.8,2.51,594.79,0.98,594.78,2.72,594.77,2.84,594.76,9.7,594.75,1.06,594.74,4.15
1715247523095,1715247523018283000,BINANCE,BNBUSDT,594.93,6.2,594.94,44.4,594.95,38.41,594.96,7.61,594.97,0.01,594.98,9.09,594.99,33.42,595,750.4,595.01,0.68,595.02,2.1,594.92,8.5,594.91,8.52,594.9,8.51,594.89,2.1,594.88,16.83,594.87,6.9,594.86,7.37,594.85,16.02,594.84,11.45,594.83,0.91
1715247523335,1715247523272793000,BINANCE,BNBUSDT,594.95,2.86,594.96,7.61,594.98,12.1,594.99,36.27,595,760.48,595.01,15.8,595.02,2.1,595.03,5.03,595.04,5.78,595.05,4.59,594.94,4.01,594.93,1.85,594.92,6.4,594.9,10.98,594.89,17.72,594.88,8.22,594.87,7.87,594.86,7.38,594.85,11.62,594.84,2.59
1715247523614,1715247523543632000,BINANCE,BNBUSDT,594.91,14.93,594.93,4.08,594.94,3.54,594.95,2.87,594.96,7.61,594.97,11.86,594.98,40.64,594.99,49.26,595,755.44,595.01,0.68,594.9,2.67,594.89,7.5,594.88,7.37,594.87,4.8,594.86,15.08,594.85,11.62,594.84,2.59,594.83,0.91,594.82,1.7,594.81,2.4
1715247523855,1715247523805857000,BINANCE,BNBUSDT,594.91,14.93,594.93,4.08,594.94,3.54,594.95,5.66,594.96,17.69,594.97,12.53,594.98,35.59,594.99,49.26,595,750.4,595.01,0.68,594.9,6.63,594.89,7.5,594.88,7.37,594.87,4.8,594.86,15.08,594.85,11.62,594.84,2.59,594.83,5.04,594.82,1.7,594.81,2.4
1715247524138,1715247524083927000,BINANCE,BNBUSDT,594.91,14.93,594.93,4.08,594.94,3.54,594.95,5.66,594.96,17.69,594.97,12.53,594.98,35.59,594.99,49.26,595,750.4,595.01,0.68,594.9,9.69,594.89,7.5,594.88,7.37,594.87,4.8,594.86,15.08,594.85,11.62,594.84,2.59,594.83,5.04,594.82,1.7,594.81,2.4
1715247524428,1715247524355412000,BINANCE,BNBUSDT,594.91,14.94,594.93,4.08,594.94,3.54,594.95,5.66,594.96,17.69,594.97,12.53,594.98,35.59,594.99,49.26,595,750.4,595.01,0.68,594.9,9.82,594.89,7.5,594.88,7.37,594.87,4.8,594.86,15.08,594.85,11.62,594.84,2.59,594.83,5.04,594.82,1.7,594.81,2.4
