timestamp,local_timestamp,exchange,symbol,side,price,qty
1715247432904,1715247432834606000,BINANCE,BNBUSDT,BUY,594.77,15.95
1715247432910,1715247432837632000,BINANCE,BNBUSDT,SELL,594.67,1.8
1715247432914,1715247432837672000,BINANCE,BNBUSDT,SELL,594.66,2.45
1715247432914,1715247432848072000,BINANCE,BNBUSDT,SELL,594.65,2.1
1715247432924,1715247432876073000,BINANCE,BNBUSDT,SELL,594.64,1.57
1715247432950,1715247432917600000,BINANCE,BNBUSDT,SELL,594.68,0.84
1715247432993,1715247433053735000,BINANCE,BNBUSDT,BUY,594.69,3.42
1715247433025,1715247433053763000,BINANCE,BNBUSDT,SELL,594.68,0.35
1715247433025,1715247433229372000,BINANCE,BNBUSDT,BUY,594.69,1.47
1715247433059,1715247433229385000,BINANCE,BNBUSDT,SELL,594.68,18.55
1715247433059,1715247433229397000,BINANCE,BNBUSDT,SELL,594.67,1.79
1715247433059,1715247433229409000,BINANCE,BNBUSDT,SELL,594.66,2.45
1715247433059,1715247433229421000,BINANCE,BNBUSDT,SELL,594.65,4.01
1715247433059,1715247433229433000,BINANCE,BNBUSDT,SELL,594.64,10.5
1715247433059,1715247433229445000,BINANCE,BNBUSDT,SELL,594.63,16.32
1715247433059,1715247433229456000,BINANCE,BNBUSDT,SELL,594.62,2.45
1715247433059,1715247433229468000,BINANCE,BNBUSDT,SELL,594.61,5.5
1715247433059,1715247433229488000,BINANCE,BNBUSDT,SELL,594.6,0.52
1715247433059,1715247433229500000,BINANCE,BNBUSDT,SELL,594.59,2.12
1715247433059,1715247433229511000,BINANCE,BNBUSDT,SELL,594.58,9.21
1715247433059,1715247433229821000,BINANCE,BNBUSDT,SELL,594.57,1.87
1715247433144,1715247433229892000,BINANCE,BNBUSDT,BUY,594.6,1.7
1715247433173,1715247433229904000,BINANCE,BNBUSDT,BUY,594.61,0.43
1715247433173,1715247433230575000,BINANCE,BNBUSDT,BUY,594.62,0.05
1715247433192,1715247433230635000,BINANCE,BNBUSDT,BUY,594.64,0.68
1715247433205,1715247433230647000,BINANCE,BNBUSDT,SELL,594.63,10.65
1715247433207,1715247433236691000,BINANCE,BNBUSDT,SELL,594.62,1.07
1715247433314,1715247433334753000,BINANCE,BNBUSDT,BUY,594.64,0.83
1715247433409,1715247433395097000,BINANCE,BNBUSDT,SELL,594.63,9.33
1715247433471,1715247433442638000,BINANCE,BNBUSDT,BUY,594.64,0.84
1715247433519,1715247433442702000,BINANCE,BNBUSDT,SELL,594.63,1.4
1715247433521,1715247433452679000,BINANCE,BNBUSDT,BUY,594.64,13.33
1715247433528,1715247433465972000,BINANCE,BNBUSDT,BUY,594.65,0.44
1715247433542,1715247433467151000,BINANCE,BNBUSDT,BUY,594.68,0.04
1715247433542,1715247433496084000,BINANCE,BNBUSDT,BUY,594.69,0.8
1715247433573,1715247433547866000,BINANCE,BNBUSDT,SELL,594.69,12
1715247433624,1715247433547894000,BINANCE,BNBUSDT,BUY,594.7,0.01
1715247433624,1715247433618545000,BINANCE,BNBUSDT,BUY,594.71,0.08
1715247433694,1715247433630380000,BINANCE,BNBUSDT,BUY,594.74,0.03
1715247433706,1715247433733822000,BINANCE,BNBUSDT,BUY,594.75,24.08
1715247433808,1715247433770744000,BINANCE,BNBUSDT,SELL,594.75,4.73
1715247433847,1715247433827428000,BINANCE,BNBUSDT,BUY,594.76,0.8
1715247433905,1715247433950998000,BINANCE,BNBUSDT,BUY,594.81,0.02
1715247434019,1715247433951098000,BINANCE,BNBUSDT,SELL,594.8,0.62
1715247434019,1715247433951176000,BINANCE,BNBUSDT,BUY,594.81,0.76
1715247434019,1715247433951265000,BINANCE,BNBUSDT,BUY,594.83,2.1
1715247434019,1715247433951343000,BINANCE,BNBUSDT,BUY,594.85,9.83
1715247434019,1715247433951421000,BINANCE,BNBUSDT,BUY,594.86,6.24
1715247434019,1715247433951508000,BINANCE,BNBUSDT,BUY,594.87,0.78
1715247434019,1715247433951586000,BINANCE,BNBUSDT,SELL,594.8,4.21
1715247434019,1715247433951720000,BINANCE,BNBUSDT,BUY,594.87,2.12
1715247434019,1715247433951802000,BINANCE,BNBUSDT,SELL,594.8,0.54
1715247434019,1715247433951879000,BINANCE,BNBUSDT,BUY,594.87,11.65
1715247434019,1715247433951957000,BINANCE,BNBUSDT,SELL,594.8,8.12
1715247434019,1715247433952038000,BINANCE,BNBUSDT,SELL,594.79,9.05
1715247434019,1715247433952150000,BINANCE,BNBUSDT,SELL,594.78,8.71
1715247434019,1715247433952232000,BINANCE,BNBUSDT,SELL,594.77,0.44
1715247434020,1715247433952359000,BINANCE,BNBUSDT,BUY,594.87,2.21
1715247434020,1715247433952428000,BINANCE,BNBUSDT,BUY,594.88,0.95
1715247434020,1715247433952484000,BINANCE,BNBUSDT,SELL,594.77,6.83
1715247434020,1715247433952541000,BINANCE,BNBUSDT,BUY,594.88,1.42
1715247434020,1715247433952616000,BINANCE,BNBUSDT,BUY,594.89,1.04
1715247434020,1715247433952675000,BINANCE,BNBUSDT,BUY,594.9,4.73
1715247434020,1715247433952732000,BINANCE,BNBUSDT,BUY,594.91,2.64
1715247434020,1715247433952789000,BINANCE,BNBUSDT,BUY,594.92,6.97
1715247434020,1715247433952867000,BINANCE,BNBUSDT,SELL,594.77,0.2
1715247434020,1715247433952933000,BINANCE,BNBUSDT,BUY,594.92,7.42
1715247434020,1715247433952990000,BINANCE,BNBUSDT,BUY,594.93,17.94
1715247434020,1715247433953055000,BINANCE,BNBUSDT,SELL,594.77,1.24
1715247434020,1715247433953111000,BINANCE,BNBUSDT,SELL,594.76,0.08
1715247434020,1715247433953168000,BINANCE,BNBUSDT,BUY,594.93,0.63
1715247434020,1715247433953224000,BINANCE,BNBUSDT,SELL,594.76,0.28
1715247434020,1715247433953280000,BINANCE,BNBUSDT,BUY,594.93,0.56
1715247434020,1715247433953336000,BINANCE,BNBUSDT,SELL,594.76,2.99
1715247434020,1715247433954070000,BINANCE,BNBUSDT,BUY,594.93,2.79
1715247434020,1715247433954132000,BINANCE,BNBUSDT,SELL,594.76,0.1
1715247434020,1715247433954189000,BINANCE,BNBUSDT,BUY,594.93,3.79
1715247434020,1715247433954247000,BINANCE,BNBUSDT,BUY,594.94,1.56
1715247434020,1715247433954304000,BINANCE,BNBUSDT,BUY,594.95,3.67
1715247434020,1715247433954381000,BINANCE,BNBUSDT,BUY,594.96,0.02
1715247434020,1715247433954444000,BINANCE,BNBUSDT,BUY,594.97,42.07
1715247434020,1715247433954489000,BINANCE,BNBUSDT,BUY,594.98,8.15
1715247434020,1715247433954552000,BINANCE,BNBUSDT,SELL,594.76,3.14
1715247434020,1715247433954597000,BINANCE,BNBUSDT,BUY,594.98,2.09
1715247434020,1715247433954668000,BINANCE,BNBUSDT,BUY,594.99,5.56
1715247434020,1715247433954715000,BINANCE,BNBUSDT,SELL,594.76,0.57
1715247434020,1715247433954810000,BINANCE,BNBUSDT,BUY,594.99,0.06
1715247434020,1715247433954889000,BINANCE,BNBUSDT,SELL,594.82,2.1
1715247434020,1715247433959549000,BINANCE,BNBUSDT,SELL,594.81,2.1
1715247434027,1715247433972584000,BINANCE,BNBUSDT,SELL,594.97,2.41
1715247434032,1715247433972668000,BINANCE,BNBUSDT,SELL,594.96,6.47
1715247434036,1715247433972782000,BINANCE,BNBUSDT,SELL,594.95,5
1715247434042,1715247433972819000,BINANCE,BNBUSDT,SELL,594.92,1.69
1715247434042,1715247434104780000,BINANCE,BNBUSDT,SELL,594.89,2.1
1715247434182,1715247434104799000,BINANCE,BNBUSDT,BUY,594.85,2.14
1715247434182,1715247434104811000,BINANCE,BNBUSDT,BUY,594.86,2.45
1715247434182,1715247434108499000,BINANCE,BNBUSDT,BUY,594.87,11.38
1715247434182,1715247434108520000,BINANCE,BNBUSDT,BUY,594.88,13.43
1715247434183,1715247434108538000,BINANCE,BNBUSDT,BUY,594.89,1.21
1715247434183,1715247434108556000,BINANCE,BNBUSDT,BUY,594.9,2.45
1715247434183,1715247434110154000,BINANCE,BNBUSDT,BUY,594.91,2.1
1715247434183,1715247434110174000,BINANCE,BNBUSDT,BUY,594.92,5.45
1715247434183,1715247434110193000,BINANCE,BNBUSDT,BUY,594.93,0.74
1715247434183,1715247434249293000,BINANCE,BNBUSDT,BUY,594.94,12.96
1715247434322,1715247434363771000,BINANCE,BNBUSDT,BUY,594.92,5.89
1715247434440,1715247434384840000,BINANCE,BNBUSDT,BUY,594.92,0.03
1715247434461,1715247434508617000,BINANCE,BNBUSDT,SELL,594.91,0.61
1715247434586,1715247434660835000,BINANCE,BNBUSDT,BUY,594.92,0.02
1715247434740,1715247434754912000,BINANCE,BNBUSDT,BUY,594.92,0.09
1715247434828,1715247434770334000,BINANCE,BNBUSDT,SELL,594.91,0.3
1715247434843,1715247434827572000,BINANCE,BNBUSDT,BUY,594.92,1.31
1715247434902,1715247434977236000,BINANCE,BNBUSDT,SELL,594.91,0.99
1715247435128,1715247435054848000,BINANCE,BNBUSDT,SELL,594.91,4.5
1715247435128,1715247435060363000,BINANCE,BNBUSDT,SELL,594.88,0.5
1715247435138,1715247435078376000,BINANCE,BNBUSDT,SELL,594.87,0.08
1715247435153,1715247435173215000,BINANCE,BNBUSDT,SELL,594.84,0.14
1715247435247,1715247435322940000,BINANCE,BNBUSDT,BUY,594.85,1.13
1715247435450,1715247435376724000,BINANCE,BNBUSDT,BUY,594.85,2.73
1715247435450,1715247435376820000,BINANCE,BNBUSDT,BUY,594.86,2.45
1715247435450,1715247435376898000,BINANCE,BNBUSDT,BUY,594.88,2.45
1715247435450,1715247435526340000,BINANCE,BNBUSDT,BUY,594.89,0.74
1715247435725,1715247435680430000,BINANCE,BNBUSDT,SELL,594.88,1.25
1715247435756,1715247435830212000,BINANCE,BNBUSDT,BUY,594.89,0.84
1715247435908,1715247435837170000,BINANCE,BNBUSDT,BUY,594.89,33.71
1715247435912,1715247435837197000,BINANCE,BNBUSDT,BUY,594.91,4.29
1715247435912,1715247435837221000,BINANCE,BNBUSDT,BUY,594.92,10.6
1715247435912,1715247435837244000,BINANCE,BNBUSDT,BUY,594.93,1.21
1715247435913,1715247435837268000,BINANCE,BNBUSDT,BUY,594.94,8.26
1715247435913,1715247435837292000,BINANCE,BNBUSDT,BUY,594.95,10.08
1715247435913,1715247435895053000,BINANCE,BNBUSDT,BUY,594.96,1.88
1715247435971,1715247435930937000,BINANCE,BNBUSDT,SELL,594.95,5.88
1715247436001,1715247435940300000,BINANCE,BNBUSDT,SELL,594.96,6.21
1715247436010,1715247435940330000,BINANCE,BNBUSDT,SELL,594.94,0.02
1715247436010,1715247436091038000,BINANCE,BNBUSDT,SELL,594.93,2.1
1715247436207,1715247436293544000,BINANCE,BNBUSDT,SELL,594.88,0.2
1715247436606,1715247436587492000,BINANCE,BNBUSDT,BUY,594.89,23.65
1715247436662,1715247436587585000,BINANCE,BNBUSDT,BUY,594.9,20.74
1715247436662,1715247436587685000,BINANCE,BNBUSDT,BUY,594.91,13.96
1715247436662,1715247436737091000,BINANCE,BNBUSDT,BUY,594.92,21.14
1715247436885,1715247436956376000,BINANCE,BNBUSDT,BUY,594.93,0.01
1715247437033,1715247437033314000,BINANCE,BNBUSDT,SELL,594.93,10.35
1715247437109,1715247437182734000,BINANCE,BNBUSDT,BUY,594.94,0.26
1715247437262,1715247437195940000,BINANCE,BNBUSDT,BUY,594.95,0.02
1715247437273,1715247437347820000,BINANCE,BNBUSDT,BUY,594.97,0.05
1715247437473,1715247437550840000,BINANCE,BNBUSDT,SELL,594.96,0.09
1715247437669,1715247437712788000,BINANCE,BNBUSDT,SELL,594.96,8.63
1715247437792,1715247437796342000,BINANCE,BNBUSDT,BUY,594.97,0.86
1715247437873,1715247437942359000,BINANCE,BNBUSDT,SELL,594.96,0.05
1715247438019,1715247438047562000,BINANCE,BNBUSDT,SELL,594.96,0.06
1715247438124,1715247438198310000,BINANCE,BNBUSDT,BUY,594.97,1.53
1715247438295,1715247438267014000,BINANCE,BNBUSDT,BUY,594.97,0.23
1715247438343,1715247438300702000,BINANCE,BNBUSDT,SELL,594.96,5.16
1715247438378,1715247438396670000,BINANCE,BNBUSDT,SELL,594.93,0.02
1715247438474,1715247438549207000,BINANCE,BNBUSDT,BUY,594.89,0.07
1715247438757,1715247438752483000,BINANCE,BNBUSDT,SELL,594.88,2.51
1715247438828,1715247438752564000,BINANCE,BNBUSDT,SELL,594.86,2.47
1715247438828,1715247438752643000,BINANCE,BNBUSDT,SELL,594.84,2.46
1715247438828,1715247438792247000,BINANCE,BNBUSDT,SELL,594.83,0.22
1715247438869,1715247438943957000,BINANCE,BNBUSDT,SELL,594.82,0.02
1715247439141,1715247439216107000,BINANCE,BNBUSDT,SELL,594.87,5.15
1715247439420,1715247439471014000,BINANCE,BNBUSDT,SELL,594.87,0.01
1715247439546,1715247439609332000,BINANCE,BNBUSDT,BUY,594.88,0.02
1715247439684,1715247439759833000,BINANCE,BNBUSDT,SELL,594.87,0.08
1715247439947,1715247440007614000,BINANCE,BNBUSDT,BUY,594.88,0.24
1715247440084,1715247440159019000,BINANCE,BNBUSDT,BUY,594.88,0.33
1715247440331,1715247440283792000,BINANCE,BNBUSDT,BUY,594.88,6
1715247440359,1715247440433811000,BINANCE,BNBUSDT,SELL,594.87,0.12
1715247440908,1715247440981296000,BINANCE,BNBUSDT,SELL,594.87,0.18
1715247441554,1715247441506632000,BINANCE,BNBUSDT,BUY,594.88,1.07
1715247441581,1715247441547067000,BINANCE,BNBUSDT,BUY,594.89,0.02
1715247441621,1715247441547127000,BINANCE,BNBUSDT,BUY,594.92,5.04
1715247441622,1715247441548567000,BINANCE,BNBUSDT,BUY,594.93,5.04
1715247441624,1715247441548608000,BINANCE,BNBUSDT,BUY,594.94,9.67
1715247441624,1715247441700702000,BINANCE,BNBUSDT,BUY,594.95,10.08
1715247441832,1715247441907060000,BINANCE,BNBUSDT,SELL,594.95,0.76
1715247442472,1715247442547003000,BINANCE,BNBUSDT,SELL,594.95,0.51
1715247442737,1715247442812753000,BINANCE,BNBUSDT,SELL,594.95,1.2
1715247443066,1715247443142044000,BINANCE,BNBUSDT,BUY,594.96,0.26
1715247443272,1715247443195874000,BINANCE,BNBUSDT,BUY,594.97,0.09
1715247443272,1715247443345741000,BINANCE,BNBUSDT,BUY,594.99,1.51
1715247444324,1715247444398228000,BINANCE,BNBUSDT,SELL,594.98,1.74
1715247444996,1715247445051808000,BINANCE,BNBUSDT,SELL,594.98,0.01
1715247445128,1715247445202445000,BINANCE,BNBUSDT,SELL,594.98,17.57
1715247445444,1715247445497736000,BINANCE,BNBUSDT,BUY,594.99,2.12
1715247445576,1715247445649478000,BINANCE,BNBUSDT,BUY,594.99,4.71
1715247445814,1715247445791871000,BINANCE,BNBUSDT,BUY,594.99,7.36
1715247445867,1715247445909045000,BINANCE,BNBUSDT,SELL,594.99,0.01
1715247445985,1715247446061533000,BINANCE,BNBUSDT,BUY,595,0.12
1715247446261,1715247446277549000,BINANCE,BNBUSDT,BUY,595,4.89
1715247446352,1715247446277589000,BINANCE,BNBUSDT,BUY,595.01,1.59
1715247446352,1715247446277623000,BINANCE,BNBUSDT,BUY,595.02,1.89
1715247446352,1715247446277657000,BINANCE,BNBUSDT,BUY,595.03,10.12
1715247446352,1715247446289339000,BINANCE,BNBUSDT,BUY,595.04,10.12
1715247446357,1715247446289379000,BINANCE,BNBUSDT,BUY,595.05,5.04
1715247446357,1715247446289416000,BINANCE,BNBUSDT,BUY,595.06,11.85
1715247446358,1715247446392728000,BINANCE,BNBUSDT,BUY,595.07,3.44
1715247446468,1715247446440952000,BINANCE,BNBUSDT,BUY,595.07,1.53
1715247446515,1715247446591494000,BINANCE,BNBUSDT,BUY,595.08,0.84
1715247446861,1715247446932253000,BINANCE,BNBUSDT,SELL,595.07,5
1715247447006,1715247447036780000,BINANCE,BNBUSDT,SELL,595.07,13.04
1715247447113,1715247447046240000,BINANCE,BNBUSDT,SELL,595.07,9.59
1715247447116,1715247447046437000,BINANCE,BNBUSDT,SELL,595.06,0.16
1715247447120,1715247447053892000,BINANCE,BNBUSDT,SELL,595.03,2.22
1715247447129,1715247447099228000,BINANCE,BNBUSDT,SELL,595.02,4.47
1715247447175,1715247447149176000,BINANCE,BNBUSDT,SELL,595,0.02
1715247447224,1715247447299568000,BINANCE,BNBUSDT,BUY,595,0.83
1715247447523,1715247447574753000,BINANCE,BNBUSDT,BUY,595,0.83
1715247447651,1715247447725216000,BINANCE,BNBUSDT,SELL,594.99,0.01
1715247447840,1715247447914642000,BINANCE,BNBUSDT,BUY,595,0.83
1715247447988,1715247448064039000,BINANCE,BNBUSDT,BUY,595,0.02
1715247448273,1715247448262734000,BINANCE,BNBUSDT,SELL,594.99,0.09
1715247448335,1715247448408823000,BINANCE,BNBUSDT,BUY,595,0.3
1715247449008,1715247449083244000,BINANCE,BNBUSDT,SELL,594.99,0.02
1715247449191,1715247449266963000,BINANCE,BNBUSDT,BUY,595,5
1715247449771,1715247449845577000,BINANCE,BNBUSDT,SELL,594.99,0.43
1715247450528,1715247450453093000,BINANCE,BNBUSDT,SELL,594.99,15.91
1715247450530,1715247450522544000,BINANCE,BNBUSDT,SELL,594.98,0.5
1715247450598,1715247450673191000,BINANCE,BNBUSDT,BUY,594.97,4.99
1715247450899,1715247450978901000,BINANCE,BNBUSDT,BUY,594.97,0.03
1715247451262,1715247451189684000,BINANCE,BNBUSDT,BUY,594.97,27.48
1715247451262,1715247451189748000,BINANCE,BNBUSDT,BUY,594.98,10.28
1715247451262,1715247451189797000,BINANCE,BNBUSDT,BUY,594.99,17.4
1715247451262,1715247451189841000,BINANCE,BNBUSDT,BUY,595,21.95
1715247451262,1715247451338842000,BINANCE,BNBUSDT,BUY,595.01,5.56
1715247451723,1715247451797883000,BINANCE,BNBUSDT,SELL,595,0.33
1715247452056,1715247452129248000,BINANCE,BNBUSDT,SELL,595,0.33
1715247452516,1715247452590439000,BINANCE,BNBUSDT,BUY,595.01,0.15
1715247452832,1715247452803680000,BINANCE,BNBUSDT,BUY,595.01,1.66
1715247452879,1715247452826492000,BINANCE,BNBUSDT,BUY,595.03,0.04
1715247452903,1715247452978050000,BINANCE,BNBUSDT,BUY,595.04,0.11
1715247453212,1715247453150060000,BINANCE,BNBUSDT,BUY,595.05,0.01
1715247453225,1715247453291832000,BINANCE,BNBUSDT,BUY,595.06,0.03
1715247453367,1715247453291872000,BINANCE,BNBUSDT,SELL,595.07,30.74
1715247453367,1715247453291906000,BINANCE,BNBUSDT,SELL,595.06,27.84
1715247453367,1715247453411620000,BINANCE,BNBUSDT,SELL,595.05,24.95
1715247453488,1715247453564228000,BINANCE,BNBUSDT,BUY,595.06,4.05
1715247453695,1715247453742618000,BINANCE,BNBUSDT,BUY,595.07,0.02
1715247453818,1715247453775020000,BINANCE,BNBUSDT,SELL,595.07,0.18
1715247453850,1715247453843087000,BINANCE,BNBUSDT,BUY,595.08,0.9
1715247453919,1715247453993995000,BINANCE,BNBUSDT,BUY,595.09,0.01
1715247454144,1715247454070286000,BINANCE,BNBUSDT,BUY,595.1,0.2
1715247454144,1715247454218897000,BINANCE,BNBUSDT,BUY,595.12,0.03
1715247454312,1715247454387663000,BINANCE,BNBUSDT,SELL,595.12,0.44
1715247454887,1715247454960108000,BINANCE,BNBUSDT,SELL,595.12,2.21
1715247455117,1715247455191397000,BINANCE,BNBUSDT,SELL,595.12,15.26
1715247455297,1715247455226613000,BINANCE,BNBUSDT,BUY,595.13,0.58
1715247455302,1715247455269108000,BINANCE,BNBUSDT,SELL,595.12,1.32
1715247455344,1715247455307657000,BINANCE,BNBUSDT,SELL,595.05,0.05
1715247455382,1715247455458541000,BINANCE,BNBUSDT,BUY,595.04,12.33
1715247455708,1715247455723646000,BINANCE,BNBUSDT,SELL,595.03,0.02
1715247455800,1715247455874121000,BINANCE,BNBUSDT,SELL,595,0.01
1715247456312,1715247456389685000,BINANCE,BNBUSDT,SELL,595,9.08
1715247456808,1715247456882486000,BINANCE,BNBUSDT,SELL,595,4.74
1715247457143,1715247457196206000,BINANCE,BNBUSDT,SELL,595,0.32
1715247457271,1715247457346157000,BINANCE,BNBUSDT,BUY,595.01,1.55
1715247457597,1715247457670417000,BINANCE,BNBUSDT,BUY,595.01,0.01
1715247457779,1715247457721232000,BINANCE,BNBUSDT,BUY,595.06,0.01
1715247457797,1715247457857574000,BINANCE,BNBUSDT,BUY,595.08,0.34
1715247457933,1715247457857674000,BINANCE,BNBUSDT,BUY,595.09,0.01
1715247457933,1715247457870460000,BINANCE,BNBUSDT,BUY,595.1,0.02
1715247457946,1715247458020184000,BINANCE,BNBUSDT,SELL,595.1,8.57
1715247458441,1715247458516198000,BINANCE,BNBUSDT,BUY,595.11,2
1715247458920,1715247458968490000,BINANCE,BNBUSDT,SELL,595.1,0.01
1715247459043,1715247459117457000,BINANCE,BNBUSDT,BUY,595.11,2.24
1715247459280,1715247459353499000,BINANCE,BNBUSDT,BUY,595.12,1
1715247459927,1715247460000555000,BINANCE,BNBUSDT,SELL,595.11,0.1
1715247461169,1715247461099863000,BINANCE,BNBUSDT,BUY,595.12,4.17
1715247461175,1715247461223516000,BINANCE,BNBUSDT,SELL,595.11,0.01
1715247461298,1715247461371693000,BINANCE,BNBUSDT,SELL,595.11,16.8
1715247461760,1715247461685858000,BINANCE,BNBUSDT,SELL,595.11,0.11
1715247461761,1715247461803336000,BINANCE,BNBUSDT,SELL,595.08,0.25
1715247461881,1715247461927350000,BINANCE,BNBUSDT,SELL,595.08,5.84
1715247462002,1715247461927372000,BINANCE,BNBUSDT,BUY,595.09,14.4
1715247462002,1715247461966399000,BINANCE,BNBUSDT,BUY,595.1,2.57
1715247462041,1715247462107495000,BINANCE,BNBUSDT,BUY,595.12,0.11
1715247462184,1715247462256741000,BINANCE,BNBUSDT,SELL,595.12,4.13
1715247462439,1715247462513480000,BINANCE,BNBUSDT,SELL,595.12,1.92
1715247462737,1715247462660821000,BINANCE,BNBUSDT,BUY,595.13,1.01
1715247462737,1715247462660862000,BINANCE,BNBUSDT,BUY,595.14,2.58
1715247462737,1715247462810564000,BINANCE,BNBUSDT,BUY,595.15,0.6
1715247463196,1715247463270754000,BINANCE,BNBUSDT,SELL,595.14,0.15
1715247463671,1715247463645395000,BINANCE,BNBUSDT,SELL,595.1,0.01
1715247463722,1715247463750982000,BINANCE,BNBUSDT,BUY,595.11,0.91
1715247463826,1715247463768033000,BINANCE,BNBUSDT,SELL,595.1,10.71
1715247463843,1715247463768086000,BINANCE,BNBUSDT,SELL,595.09,0.67
1715247463843,1715247463768100000,BINANCE,BNBUSDT,SELL,595.08,5.02
1715247463843,1715247463923708000,BINANCE,BNBUSDT,SELL,595.07,0.41
1715247464220,1715247464249278000,BINANCE,BNBUSDT,SELL,595.09,0.01
1715247464325,1715247464313579000,BINANCE,BNBUSDT,BUY,595.1,0.3
1715247464390,1715247464468354000,BINANCE,BNBUSDT,SELL,595.09,0.01
1715247464612,1715247464688338000,BINANCE,BNBUSDT,BUY,595.1,0.39
1715247464996,1715247464925200000,BINANCE,BNBUSDT,BUY,595.1,1.04
1715247464996,1715247465071776000,BINANCE,BNBUSDT,BUY,595.11,0.12
1715247465187,1715247465263363000,BINANCE,BNBUSDT,SELL,595.12,3.36
1715247465713,1715247465787628000,BINANCE,BNBUSDT,SELL,595.12,6.72
1715247466324,1715247466401484000,BINANCE,BNBUSDT,BUY,595.13,0.2
1715247466623,1715247466698806000,BINANCE,BNBUSDT,SELL,595.12,0.81
1715247466885,1715247466958507000,BINANCE,BNBUSDT,SELL,595.12,0.21
1715247467062,1715247467137502000,BINANCE,BNBUSDT,BUY,595.13,0.05
1715247467419,1715247467467899000,BINANCE,BNBUSDT,BUY,595.13,0.58
1715247467544,1715247467619761000,BINANCE,BNBUSDT,BUY,595.13,0.01
1715247467931,1715247468004646000,BINANCE,BNBUSDT,SELL,595.12,1.35
1715247468351,1715247468426178000,BINANCE,BNBUSDT,SELL,595.1,0.17
1715247468581,1715247468506903000,BINANCE,BNBUSDT,SELL,595.1,11.29
1715247468581,1715247468506961000,BINANCE,BNBUSDT,SELL,595.09,2.17
1715247468581,1715247468507006000,BINANCE,BNBUSDT,SELL,595.08,2.57
1715247468581,1715247468507050000,BINANCE,BNBUSDT,SELL,595.07,2.44
1715247468581,1715247468507095000,BINANCE,BNBUSDT,SELL,595.06,6.7
1715247468581,1715247468507141000,BINANCE,BNBUSDT,SELL,595.05,5.46
1715247468581,1715247468507186000,BINANCE,BNBUSDT,SELL,595.04,3.12
1715247468581,1715247468507231000,BINANCE,BNBUSDT,SELL,595.03,4.6
1715247468581,1715247468507276000,BINANCE,BNBUSDT,SELL,595.02,2.45
1715247468581,1715247468507321000,BINANCE,BNBUSDT,SELL,595.01,8.68
1715247468581,1715247468507366000,BINANCE,BNBUSDT,SELL,595,7.84
1715247468581,1715247468507412000,BINANCE,BNBUSDT,SELL,594.99,0.99
1715247468581,1715247468507469000,BINANCE,BNBUSDT,SELL,594.98,4.32
1715247468581,1715247468507517000,BINANCE,BNBUSDT,SELL,594.97,5
1715247468581,1715247468507562000,BINANCE,BNBUSDT,SELL,594.96,2.89
1715247468581,1715247468507608000,BINANCE,BNBUSDT,SELL,594.95,0.95
1715247468581,1715247468507653000,BINANCE,BNBUSDT,SELL,594.94,4.1
1715247468581,1715247468507698000,BINANCE,BNBUSDT,SELL,594.93,9.97
1715247468581,1715247468519261000,BINANCE,BNBUSDT,SELL,594.92,0.32
1715247468595,1715247468669866000,BINANCE,BNBUSDT,BUY,594.95,4.05
1715247468880,1715247468829087000,BINANCE,BNBUSDT,BUY,595,3.42
1715247468904,1715247468835062000,BINANCE,BNBUSDT,BUY,595.01,2.91
1715247468911,1715247468967358000,BINANCE,BNBUSDT,SELL,595.01,0.02
1715247469045,1715247468968093000,BINANCE,BNBUSDT,BUY,595.05,0.67
1715247469045,1715247468968943000,BINANCE,BNBUSDT,BUY,595.06,6.7
1715247469046,1715247469120579000,BINANCE,BNBUSDT,BUY,595.07,1.62
1715247469273,1715247469347781000,BINANCE,BNBUSDT,BUY,595.07,0.27
1715247469494,1715247469567686000,BINANCE,BNBUSDT,BUY,595.07,0.07
1715247469711,1715247469640003000,BINANCE,BNBUSDT,BUY,595.07,1.67
1715247469712,1715247469640131000,BINANCE,BNBUSDT,BUY,595.09,0.82
1715247469712,1715247469643386000,BINANCE,BNBUSDT,BUY,595.1,2
1715247469719,1715247469793731000,BINANCE,BNBUSDT,BUY,595.11,10.08
1715247470167,1715247470239992000,BINANCE,BNBUSDT,SELL,595.11,0.01
1715247470310,1715247470383596000,BINANCE,BNBUSDT,SELL,595.11,1.72
1715247470609,1715247470543531000,BINANCE,BNBUSDT,BUY,595.12,2.75
1715247470619,1715247470547902000,BINANCE,BNBUSDT,BUY,595.15,0.77
1715247470623,1715247470583232000,BINANCE,BNBUSDT,SELL,595.14,0.09
1715247470658,1715247470733718000,BINANCE,BNBUSDT,BUY,595.15,0.02
1715247470881,1715247470804976000,BINANCE,BNBUSDT,BUY,595.15,19.77
1715247470881,1715247470806407000,BINANCE,BNBUSDT,BUY,595.16,4.49
1715247470881,1715247470806425000,BINANCE,BNBUSDT,BUY,595.17,4
1715247470881,1715247470810450000,BINANCE,BNBUSDT,BUY,595.18,4.88
1715247470886,1715247470810468000,BINANCE,BNBUSDT,BUY,595.19,10.71
1715247470886,1715247470810482000,BINANCE,BNBUSDT,BUY,595.2,8.21
1715247470886,1715247470832117000,BINANCE,BNBUSDT,BUY,595.21,11.51
1715247470909,1715247470899492000,BINANCE,BNBUSDT,BUY,595.22,16.46
1715247470973,1715247470899515000,BINANCE,BNBUSDT,BUY,595.24,0.04
1715247470973,1715247470899531000,BINANCE,BNBUSDT,BUY,595.25,6.35
1715247470973,1715247470899548000,BINANCE,BNBUSDT,BUY,595.26,0.1
1715247470973,1715247471048412000,BINANCE,BNBUSDT,BUY,595.27,0.02
1715247471241,1715247471315252000,BINANCE,BNBUSDT,BUY,595.28,0.83
1715247472317,1715247472391121000,BINANCE,BNBUSDT,SELL,595.27,0.15
1715247472483,1715247472507531000,BINANCE,BNBUSDT,BUY,595.28,1.34
1715247472584,1715247472584505000,BINANCE,BNBUSDT,BUY,595.28,1.54
1715247472660,1715247472584592000,BINANCE,BNBUSDT,BUY,595.29,0.5
1715247472660,1715247472584652000,BINANCE,BNBUSDT,BUY,595.3,2.58
1715247472660,1715247472584721000,BINANCE,BNBUSDT,BUY,595.31,0.07
1715247472660,1715247472584771000,BINANCE,BNBUSDT,BUY,595.32,12.18
1715247472660,1715247472734866000,BINANCE,BNBUSDT,BUY,595.3,0.16
1715247472911,1715247472945109000,BINANCE,BNBUSDT,BUY,595.33,1.14
1715247473021,1715247473094658000,BINANCE,BNBUSDT,SELL,595.32,0.16
1715247473262,1715247473336877000,BINANCE,BNBUSDT,BUY,595.33,0.08
1715247473673,1715247473748364000,BINANCE,BNBUSDT,BUY,595.33,1.02
1715247474048,1715247474095669000,BINANCE,BNBUSDT,BUY,595.33,0.01
1715247474173,1715247474247509000,BINANCE,BNBUSDT,SELL,595.32,2.46
1715247474373,1715247474448340000,BINANCE,BNBUSDT,SELL,595.32,0.13
1715247474583,1715247474508232000,BINANCE,BNBUSDT,BUY,595.33,29.42
1715247474583,1715247474509455000,BINANCE,BNBUSDT,BUY,595.34,0.55
1715247474585,1715247474509508000,BINANCE,BNBUSDT,BUY,595.35,0.99
1715247474585,1715247474509545000,BINANCE,BNBUSDT,BUY,595.36,3.05
1715247474586,1715247474562606000,BINANCE,BNBUSDT,BUY,595.37,0.01
1715247474638,1715247474562710000,BINANCE,BNBUSDT,BUY,595.38,10.1
1715247474638,1715247474562789000,BINANCE,BNBUSDT,BUY,595.39,4.76
1715247474638,1715247474562868000,BINANCE,BNBUSDT,BUY,595.4,0.16
1715247474638,1715247474562945000,BINANCE,BNBUSDT,BUY,595.41,1.63
1715247474638,1715247474563624000,BINANCE,BNBUSDT,BUY,595.42,0.04
1715247474639,1715247474624001000,BINANCE,BNBUSDT,SELL,595.42,0.93
1715247474700,1715247474762233000,BINANCE,BNBUSDT,BUY,595.43,0.08
1715247474837,1715247474762273000,BINANCE,BNBUSDT,BUY,595.43,5.32
1715247474837,1715247474762301000,BINANCE,BNBUSDT,BUY,595.44,4.28
1715247474837,1715247474762329000,BINANCE,BNBUSDT,BUY,595.45,0.81
1715247474837,1715247474762356000,BINANCE,BNBUSDT,BUY,595.46,2.35
1715247474837,1715247474762384000,BINANCE,BNBUSDT,BUY,595.47,4.01
1715247474837,1715247474762411000,BINANCE,BNBUSDT,BUY,595.48,4.38
1715247474837,1715247474816797000,BINANCE,BNBUSDT,BUY,595.49,0.2
1715247474893,1715247474968842000,BINANCE,BNBUSDT,BUY,595.45,0.08
1715247475389,1715247475465813000,BINANCE,BNBUSDT,BUY,595.44,0.14
1715247475680,1715247475755209000,BINANCE,BNBUSDT,SELL,595.43,1.37
1715247475931,1715247475939016000,BINANCE,BNBUSDT,BUY,595.44,0.02
1715247476014,1715247475961216000,BINANCE,BNBUSDT,SELL,595.43,0.16
1715247476037,1715247476111431000,BINANCE,BNBUSDT,BUY,595.44,8.39
1715247476248,1715247476321689000,BINANCE,BNBUSDT,SELL,595.43,0.63
1715247476497,1715247476571740000,BINANCE,BNBUSDT,SELL,595.43,0.08
1715247477148,1715247477132212000,BINANCE,BNBUSDT,BUY,595.44,1.11
1715247477207,1715247477283499000,BINANCE,BNBUSDT,BUY,595.45,1.33
1715247477357,1715247477284150000,BINANCE,BNBUSDT,BUY,595.45,0.17
1715247477357,1715247477433581000,BINANCE,BNBUSDT,BUY,595.47,0.18
1715247477720,1715247477794498000,BINANCE,BNBUSDT,SELL,595.46,0.02
1715247478191,1715247478265907000,BINANCE,BNBUSDT,BUY,595.47,0.04
1715247478408,1715247478483065000,BINANCE,BNBUSDT,BUY,595.47,0.29
1715247478656,1715247478642354000,BINANCE,BNBUSDT,SELL,595.48,0.05
1715247478718,1715247478642456000,BINANCE,BNBUSDT,BUY,595.49,6.73
1715247478718,1715247478792393000,BINANCE,BNBUSDT,BUY,595.5,1.7
1715247478952,1715247479028331000,BINANCE,BNBUSDT,BUY,595.5,0.01
1715247479132,1715247479058157000,BINANCE,BNBUSDT,BUY,595.5,0.51
1715247479132,1715247479058189000,BINANCE,BNBUSDT,BUY,595.51,1.57
1715247479132,1715247479058611000,BINANCE,BNBUSDT,BUY,595.52,0.01
1715247479134,1715247479058639000,BINANCE,BNBUSDT,BUY,595.53,7.26
1715247479134,1715247479210594000,BINANCE,BNBUSDT,BUY,595.54,2.82
1715247479323,1715247479247220000,BINANCE,BNBUSDT,BUY,595.55,0.96
1715247479323,1715247479247261000,BINANCE,BNBUSDT,BUY,595.56,5.89
1715247479323,1715247479397363000,BINANCE,BNBUSDT,BUY,595.57,2.94
1715247479490,1715247479415078000,BINANCE,BNBUSDT,BUY,595.57,1.24
1715247479491,1715247479415151000,BINANCE,BNBUSDT,BUY,595.58,2.63
1715247479491,1715247479415209000,BINANCE,BNBUSDT,BUY,595.59,0.7
1715247479491,1715247479514551000,BINANCE,BNBUSDT,BUY,595.6,1.29
1715247479589,1715247479514608000,BINANCE,BNBUSDT,SELL,595.58,1.15
1715247479589,1715247479638551000,BINANCE,BNBUSDT,SELL,595.56,0.34
1715247479714,1715247479790894000,BINANCE,BNBUSDT,SELL,595.56,1.45
1715247480109,1715247480185450000,BINANCE,BNBUSDT,SELL,595.56,0.17
1715247480354,1715247480428989000,BINANCE,BNBUSDT,BUY,595.57,0.2
1715247480509,1715247480583681000,BINANCE,BNBUSDT,BUY,595.57,1
1715247480851,1715247480894301000,BINANCE,BNBUSDT,BUY,595.57,0.49
1715247480971,1715247481044393000,BINANCE,BNBUSDT,BUY,595.57,3.64
1715247481149,1715247481137392000,BINANCE,BNBUSDT,SELL,595.56,0.2
1715247481214,1715247481169292000,BINANCE,BNBUSDT,BUY,595.57,19
1715247481245,1715247481169326000,BINANCE,BNBUSDT,BUY,595.58,7.46
1715247481245,1715247481299459000,BINANCE,BNBUSDT,BUY,595.59,3.16
1715247481376,1715247481333594000,BINANCE,BNBUSDT,SELL,595.58,0.03
1715247481409,1715247481333628000,BINANCE,BNBUSDT,BUY,595.59,0.72
1715247481409,1715247481428787000,BINANCE,BNBUSDT,BUY,595.6,2.72
1715247481503,1715247481579836000,BINANCE,BNBUSDT,SELL,595.59,0.21
1715247481855,1715247481930151000,BINANCE,BNBUSDT,SELL,595.58,0.01
1715247482007,1715247481930189000,BINANCE,BNBUSDT,BUY,595.59,0.8
1715247482007,1715247482082173000,BINANCE,BNBUSDT,BUY,595.6,0.71
1715247482243,1715247482320991000,BINANCE,BNBUSDT,BUY,595.61,0.1
1715247482684,1715247482677201000,BINANCE,BNBUSDT,BUY,595.61,5.47
1715247482754,1715247482829486000,BINANCE,BNBUSDT,SELL,595.61,5
1715247483055,1715247483000758000,BINANCE,BNBUSDT,BUY,595.62,0.04
1715247483076,1715247483147326000,BINANCE,BNBUSDT,SELL,595.61,0.19
1715247483224,1715247483299711000,BINANCE,BNBUSDT,SELL,595.61,0.12
1715247483513,1715247483505421000,BINANCE,BNBUSDT,BUY,595.62,0.78
1715247483581,1715247483655979000,BINANCE,BNBUSDT,BUY,595.63,9.26
1715247483996,1715247484071498000,BINANCE,BNBUSDT,BUY,595.63,5.05
1715247484165,1715247484185887000,BINANCE,BNBUSDT,BUY,595.63,8.39
1715247484262,1715247484336203000,BINANCE,BNBUSDT,SELL,595.62,0.14
1715247484469,1715247484392375000,BINANCE,BNBUSDT,BUY,595.63,5.84
1715247484469,1715247484393624000,BINANCE,BNBUSDT,BUY,595.64,0.09
1715247484469,1715247484393649000,BINANCE,BNBUSDT,BUY,595.65,1.05
1715247484469,1715247484393670000,BINANCE,BNBUSDT,BUY,595.66,1.73
1715247484469,1715247484393691000,BINANCE,BNBUSDT,BUY,595.67,7.78
1715247484469,1715247484525204000,BINANCE,BNBUSDT,BUY,595.68,0.29
1715247484601,1715247484677121000,BINANCE,BNBUSDT,SELL,595.67,0.12
1715247484900,1715247484975864000,BINANCE,BNBUSDT,SELL,595.67,7.24
1715247485304,1715247485379491000,BINANCE,BNBUSDT,SELL,595.62,0.45
1715247485645,1715247485573295000,BINANCE,BNBUSDT,SELL,595.62,1.93
1715247485648,1715247485574360000,BINANCE,BNBUSDT,SELL,595.61,2.87
1715247485651,1715247485574454000,BINANCE,BNBUSDT,SELL,595.6,0.01
1715247485651,1715247485574552000,BINANCE,BNBUSDT,SELL,595.59,4.2
1715247485651,1715247485664715000,BINANCE,BNBUSDT,SELL,595.58,0.09
1715247485741,1715247485735675000,BINANCE,BNBUSDT,SELL,595.53,0.64
1715247485814,1715247485837341000,BINANCE,BNBUSDT,SELL,595.52,1.13
1715247485912,1715247485887579000,BINANCE,BNBUSDT,BUY,595.5,3.66
1715247485965,1715247486038855000,BINANCE,BNBUSDT,SELL,595.49,2.19
1715247486132,1715247486205097000,BINANCE,BNBUSDT,SELL,595.44,0.01
1715247486419,1715247486493367000,BINANCE,BNBUSDT,SELL,595.43,0.45
1715247487122,1715247487148547000,BINANCE,BNBUSDT,BUY,595.43,0.16
1715247487223,1715247487148656000,BINANCE,BNBUSDT,SELL,595.42,12.36
1715247487223,1715247487148734000,BINANCE,BNBUSDT,SELL,595.41,0.69
1715247487223,1715247487148813000,BINANCE,BNBUSDT,SELL,595.39,0.67
1715247487223,1715247487148892000,BINANCE,BNBUSDT,SELL,595.38,2.58
1715247487223,1715247487298539000,BINANCE,BNBUSDT,SELL,595.37,0.5
1715247488072,1715247488146367000,BINANCE,BNBUSDT,BUY,595.38,2.98
1715247488229,1715247488156208000,BINANCE,BNBUSDT,BUY,595.38,1.87
1715247488231,1715247488156246000,BINANCE,BNBUSDT,BUY,595.4,2.57
1715247488231,1715247488308521000,BINANCE,BNBUSDT,BUY,595.42,0.99
1715247488384,1715247488458445000,BINANCE,BNBUSDT,SELL,595.41,2.59
1715247488774,1715247488846983000,BINANCE,BNBUSDT,SELL,595.43,0.01
1715247488971,1715247489025395000,BINANCE,BNBUSDT,BUY,595.44,0.5
1715247489102,1715247489177604000,BINANCE,BNBUSDT,BUY,595.44,1.28
1715247489513,1715247489521596000,BINANCE,BNBUSDT,SELL,595.43,0.01
1715247489596,1715247489521693000,BINANCE,BNBUSDT,BUY,595.44,0.09
1715247489596,1715247489581467000,BINANCE,BNBUSDT,BUY,595.46,0.84
1715247489656,1715247489731357000,BINANCE,BNBUSDT,SELL,595.45,0.31
1715247489807,1715247489881423000,BINANCE,BNBUSDT,SELL,595.45,0.02
1715247490130,1715247490205498000,BINANCE,BNBUSDT,BUY,595.46,0.67
1715247490372,1715247490297135000,BINANCE,BNBUSDT,BUY,595.46,4.83
1715247490372,1715247490297158000,BINANCE,BNBUSDT,BUY,595.47,1.9
1715247490372,1715247490297179000,BINANCE,BNBUSDT,BUY,595.49,5.89
1715247490372,1715247490313504000,BINANCE,BNBUSDT,BUY,595.5,9.22
1715247490386,1715247490313528000,BINANCE,BNBUSDT,BUY,595.51,10.06
1715247490386,1715247490319108000,BINANCE,BNBUSDT,BUY,595.52,3.1
1715247490392,1715247490319129000,BINANCE,BNBUSDT,BUY,595.53,0.82
1715247490392,1715247490326360000,BINANCE,BNBUSDT,BUY,595.54,5.88
1715247490400,1715247490477358000,BINANCE,BNBUSDT,BUY,595.55,0.01
1715247490719,1715247490794629000,BINANCE,BNBUSDT,SELL,595.55,0.02
1715247490978,1715247490903860000,BINANCE,BNBUSDT,SELL,595.55,3.23
1715247490979,1715247490908055000,BINANCE,BNBUSDT,SELL,595.53,0.62
1715247490979,1715247490908331000,BINANCE,BNBUSDT,SELL,595.51,2.5
1715247490981,1715247490908376000,BINANCE,BNBUSDT,SELL,595.5,3.84
1715247490981,1715247490932176000,BINANCE,BNBUSDT,SELL,595.49,0.1
1715247491009,1715247490932378000,BINANCE,BNBUSDT,SELL,595.46,0.01
1715247491009,1715247490932426000,BINANCE,BNBUSDT,SELL,595.45,0.66
1715247491009,1715247490932469000,BINANCE,BNBUSDT,SELL,595.44,6.32
1715247491009,1715247491072451000,BINANCE,BNBUSDT,SELL,595.42,1.18
1715247491146,1715247491221301000,BINANCE,BNBUSDT,SELL,595.41,0.5
1715247491463,1715247491536481000,BINANCE,BNBUSDT,BUY,595.42,0.03
1715247491612,1715247491686616000,BINANCE,BNBUSDT,SELL,595.41,0.06
1715247491906,1715247491984903000,BINANCE,BNBUSDT,BUY,595.42,1.67
1715247492124,1715247492048386000,BINANCE,BNBUSDT,BUY,595.42,4.67
1715247492124,1715247492048425000,BINANCE,BNBUSDT,BUY,595.45,3.48
1715247492124,1715247492048459000,BINANCE,BNBUSDT,BUY,595.46,6.07
1715247492124,1715247492154161000,BINANCE,BNBUSDT,BUY,595.47,4.89
1715247492229,1715247492245305000,BINANCE,BNBUSDT,SELL,595.46,0.02
1715247492320,1715247492394773000,BINANCE,BNBUSDT,SELL,595.48,0.01
1715247492550,1715247492623386000,BINANCE,BNBUSDT,SELL,595.48,0.04
1715247492873,1715247492947896000,BINANCE,BNBUSDT,SELL,595.48,0.14
1715247493264,1715247493332310000,BINANCE,BNBUSDT,SELL,595.48,0.46
1715247493407,1715247493332363000,BINANCE,BNBUSDT,BUY,595.49,10.8
1715247493407,1715247493332401000,BINANCE,BNBUSDT,BUY,595.5,2.57
1715247493407,1715247493332439000,BINANCE,BNBUSDT,BUY,595.51,0.67
1715247493407,1715247493332477000,BINANCE,BNBUSDT,BUY,595.52,5.88
1715247493407,1715247493482783000,BINANCE,BNBUSDT,BUY,595.53,16.44
1715247494313,1715247494239818000,BINANCE,BNBUSDT,SELL,595.52,2.68
1715247494315,1715247494239909000,BINANCE,BNBUSDT,SELL,595.5,2.57
1715247494315,1715247494389276000,BINANCE,BNBUSDT,SELL,595.49,0.06
1715247494556,1715247494519560000,BINANCE,BNBUSDT,SELL,595.47,0.16
1715247494596,1715247494547968000,BINANCE,BNBUSDT,SELL,595.45,0.08
1715247494625,1715247494566150000,BINANCE,BNBUSDT,SELL,595.42,0.02
1715247494640,1715247494714392000,BINANCE,BNBUSDT,SELL,595.41,0.09
1715247494889,1715247494839009000,BINANCE,BNBUSDT,BUY,595.4,0.83
1715247494914,1715247494839185000,BINANCE,BNBUSDT,SELL,595.39,0.01
1715247494914,1715247494866442000,BINANCE,BNBUSDT,SELL,595.37,0.3
1715247494943,1715247494946344000,BINANCE,BNBUSDT,SELL,595.36,0.03
1715247495023,1715247494948606000,BINANCE,BNBUSDT,SELL,595.33,0.01
1715247495023,1715247494948667000,BINANCE,BNBUSDT,SELL,595.32,0.03
1715247495023,1715247494961672000,BINANCE,BNBUSDT,SELL,595.31,0.1
1715247495039,1715247495113675000,BINANCE,BNBUSDT,BUY,595.31,10.02
1715247495227,1715247495300408000,BINANCE,BNBUSDT,BUY,595.34,0.15
1715247496096,1715247496171441000,BINANCE,BNBUSDT,SELL,595.37,0.22
1715247496468,1715247496541698000,BINANCE,BNBUSDT,SELL,595.36,0.05
1715247496753,1715247496829668000,BINANCE,BNBUSDT,SELL,595.36,0.13
1715247497035,1715247497111977000,BINANCE,BNBUSDT,BUY,595.35,0.37
1715247497560,1715247497497971000,BINANCE,BNBUSDT,BUY,595.35,0.05
1715247497572,1715247497607678000,BINANCE,BNBUSDT,SELL,595.34,0.11
1715247497682,1715247497759673000,BINANCE,BNBUSDT,SELL,595.34,0.11
1715247497905,1715247497932353000,BINANCE,BNBUSDT,BUY,595.35,0.88
1715247498009,1715247498082800000,BINANCE,BNBUSDT,SELL,595.34,0.02
1715247498416,1715247498491535000,BINANCE,BNBUSDT,SELL,595.34,0.25
1715247499112,1715247499037169000,BINANCE,BNBUSDT,BUY,595.35,1.69
1715247499112,1715247499037273000,BINANCE,BNBUSDT,BUY,595.37,0.13
1715247499112,1715247499037351000,BINANCE,BNBUSDT,BUY,595.38,0.81
1715247499112,1715247499169718000,BINANCE,BNBUSDT,BUY,595.39,1
1715247499245,1715247499174427000,BINANCE,BNBUSDT,BUY,595.39,1.73
1715247499250,1715247499196106000,BINANCE,BNBUSDT,BUY,595.4,0.09
1715247499273,1715247499199313000,BINANCE,BNBUSDT,BUY,595.41,0.03
1715247499276,1715247499350187000,BINANCE,BNBUSDT,BUY,595.45,5.04
1715247499674,1715247499625768000,BINANCE,BNBUSDT,SELL,595.49,0.23
1715247499702,1715247499774552000,BINANCE,BNBUSDT,SELL,595.45,0.41
1715247499867,1715247499795382000,BINANCE,BNBUSDT,SELL,595.45,1.68
1715247499870,1715247499795422000,BINANCE,BNBUSDT,SELL,595.43,0.01
1715247499871,1715247499795450000,BINANCE,BNBUSDT,SELL,595.41,6.06
1715247499871,1715247499797476000,BINANCE,BNBUSDT,SELL,595.4,4.15
1715247499874,1715247499829294000,BINANCE,BNBUSDT,SELL,595.38,0.02
1715247499904,1715247499979541000,BINANCE,BNBUSDT,SELL,595.34,0.2
1715247500183,1715247500170435000,BINANCE,BNBUSDT,SELL,595.32,0.06
1715247500247,1715247500295158000,BINANCE,BNBUSDT,BUY,595.33,0.27
1715247500369,1715247500409783000,BINANCE,BNBUSDT,BUY,595.33,6.07
1715247500488,1715247500433533000,BINANCE,BNBUSDT,BUY,595.33,1.68
1715247500511,1715247500451330000,BINANCE,BNBUSDT,BUY,595.35,0.16
1715247500528,1715247500596534000,BINANCE,BNBUSDT,SELL,595.35,0.1
1715247500673,1715247500659888000,BINANCE,BNBUSDT,BUY,595.36,0.01
1715247500734,1715247500809635000,BINANCE,BNBUSDT,BUY,595.4,0.16
1715247500991,1715247500973096000,BINANCE,BNBUSDT,BUY,595.41,0.01
1715247501049,1715247501124948000,BINANCE,BNBUSDT,BUY,595.44,0.02
1715247501899,1715247501979734000,BINANCE,BNBUSDT,SELL,595.45,0.2
1715247502215,1715247502291457000,BINANCE,BNBUSDT,SELL,595.45,0.41
1715247503321,1715247503394861000,BINANCE,BNBUSDT,BUY,595.43,1.98
1715247504034,1715247504099111000,BINANCE,BNBUSDT,SELL,595.45,1.42
1715247504175,1715247504099126000,BINANCE,BNBUSDT,BUY,595.46,9.04
1715247504175,1715247504099138000,BINANCE,BNBUSDT,BUY,595.47,0.67
1715247504175,1715247504249892000,BINANCE,BNBUSDT,BUY,595.48,0.12
1715247504546,1715247504473358000,BINANCE,BNBUSDT,SELL,595.47,4.88
1715247504548,1715247504541441000,BINANCE,BNBUSDT,SELL,595.45,1.88
1715247504617,1715247504669595000,BINANCE,BNBUSDT,BUY,595.45,10.87
1715247504747,1715247504813128000,BINANCE,BNBUSDT,BUY,595.45,1
1715247504890,1715247504813161000,BINANCE,BNBUSDT,BUY,595.45,2.77
1715247504890,1715247504964603000,BINANCE,BNBUSDT,BUY,595.46,0.68
1715247505541,1715247505615311000,BINANCE,BNBUSDT,BUY,595.46,4.34
1715247506245,1715247506319274000,BINANCE,BNBUSDT,SELL,595.45,0.01
1715247506568,1715247506644948000,BINANCE,BNBUSDT,BUY,595.46,4
1715247506774,1715247506848080000,BINANCE,BNBUSDT,BUY,595.46,0.12
1715247507232,1715247507305548000,BINANCE,BNBUSDT,BUY,595.46,0.16
1715247508506,1715247508433231000,BINANCE,BNBUSDT,SELL,595.45,1.93
1715247508507,1715247508433265000,BINANCE,BNBUSDT,SELL,595.44,6.97
1715247508507,1715247508433293000,BINANCE,BNBUSDT,SELL,595.43,3.43
1715247508507,1715247508433322000,BINANCE,BNBUSDT,SELL,595.42,2.84
1715247508507,1715247508435302000,BINANCE,BNBUSDT,SELL,595.41,0.01
1715247508507,1715247508435333000,BINANCE,BNBUSDT,SELL,595.4,6.87
1715247508507,1715247508435361000,BINANCE,BNBUSDT,SELL,595.38,0.02
1715247508507,1715247508435388000,BINANCE,BNBUSDT,SELL,595.37,4.06
1715247508507,1715247508435423000,BINANCE,BNBUSDT,SELL,595.35,3.69
1715247508507,1715247508435451000,BINANCE,BNBUSDT,SELL,595.34,0.01
1715247508507,1715247508435478000,BINANCE,BNBUSDT,SELL,595.3,0.01
1715247508507,1715247508435506000,BINANCE,BNBUSDT,SELL,595.28,1.54
1715247508508,1715247508435533000,BINANCE,BNBUSDT,SELL,595.27,0.52
1715247508508,1715247508435561000,BINANCE,BNBUSDT,SELL,595.26,4.84
1715247508508,1715247508435594000,BINANCE,BNBUSDT,SELL,595.25,1.48
1715247508508,1715247508435622000,BINANCE,BNBUSDT,SELL,595.24,0.72
1715247508511,1715247508435649000,BINANCE,BNBUSDT,SELL,595.23,0.52
1715247508511,1715247508435676000,BINANCE,BNBUSDT,SELL,595.22,3.9
1715247508511,1715247508438250000,BINANCE,BNBUSDT,SELL,595.21,7.84
1715247508513,1715247508438287000,BINANCE,BNBUSDT,SELL,595.22,2.52
1715247508513,1715247508512896000,BINANCE,BNBUSDT,SELL,595.21,2.6
1715247508588,1715247508529792000,BINANCE,BNBUSDT,SELL,595.2,5.18
1715247508606,1715247508529821000,BINANCE,BNBUSDT,SELL,595.19,0.01
1715247508606,1715247508533029000,BINANCE,BNBUSDT,SELL,595.18,0.84
1715247508610,1715247508533052000,BINANCE,BNBUSDT,SELL,595.17,0.06
1715247508611,1715247508534079000,BINANCE,BNBUSDT,SELL,595.16,0.02
1715247508611,1715247508541739000,BINANCE,BNBUSDT,SELL,595.15,0.26
1715247508616,1715247508559042000,BINANCE,BNBUSDT,SELL,595.14,0.02
1715247508635,1715247508559070000,BINANCE,BNBUSDT,SELL,595.13,0.14
1715247508636,1715247508559094000,BINANCE,BNBUSDT,SELL,595.12,0.02
1715247508636,1715247508710289000,BINANCE,BNBUSDT,SELL,595.1,0.04
1715247508790,1715247508867874000,BINANCE,BNBUSDT,BUY,595.09,0.28
1715247509246,1715247509322998000,BINANCE,BNBUSDT,BUY,595.09,9.19
1715247509581,1715247509654971000,BINANCE,BNBUSDT,BUY,595.09,4.73
1715247510007,1715247510081939000,BINANCE,BNBUSDT,BUY,595.09,3.33
1715247510637,1715247510611847000,BINANCE,BNBUSDT,SELL,595.09,1.48
1715247510686,1715247510761463000,BINANCE,BNBUSDT,BUY,595.1,2.42
1715247510891,1715247510825466000,BINANCE,BNBUSDT,BUY,595.14,0.53
1715247510902,1715247510899932000,BINANCE,BNBUSDT,BUY,595.16,0.12
1715247510977,1715247510957922000,BINANCE,BNBUSDT,SELL,595.16,4.86
1715247511034,1715247510977168000,BINANCE,BNBUSDT,BUY,595.17,1.52
1715247511054,1715247510982607000,BINANCE,BNBUSDT,BUY,595.19,15.12
1715247511058,1715247511114489000,BINANCE,BNBUSDT,BUY,595.2,11.14
1715247511191,1715247511114518000,BINANCE,BNBUSDT,BUY,595.2,0.01
1715247511191,1715247511157186000,BINANCE,BNBUSDT,BUY,595.22,0.83
1715247511231,1715247511212521000,BINANCE,BNBUSDT,SELL,595.21,0.01
1715247511288,1715247511212589000,BINANCE,BNBUSDT,BUY,595.22,6.06
1715247511288,1715247511212617000,BINANCE,BNBUSDT,BUY,595.23,0.01
1715247511288,1715247511212641000,BINANCE,BNBUSDT,BUY,595.26,3.74
1715247511288,1715247511212664000,BINANCE,BNBUSDT,BUY,595.28,0.93
1715247511288,1715247511212688000,BINANCE,BNBUSDT,BUY,595.29,2.11
1715247511288,1715247511212711000,BINANCE,BNBUSDT,BUY,595.3,4.8
1715247511288,1715247511225365000,BINANCE,BNBUSDT,BUY,595.31,2.35
1715247511302,1715247511228667000,BINANCE,BNBUSDT,SELL,595.3,4.66
1715247511305,1715247511234563000,BINANCE,BNBUSDT,SELL,595.25,0.97
1715247511311,1715247511236350000,BINANCE,BNBUSDT,SELL,595.23,0.01
1715247511312,1715247511386326000,BINANCE,BNBUSDT,SELL,595.22,3.42
1715247511764,1715247511837498000,BINANCE,BNBUSDT,SELL,595.21,0.16
1715247512032,1715247512104918000,BINANCE,BNBUSDT,SELL,595.21,0.01
1715247512213,1715247512288814000,BINANCE,BNBUSDT,BUY,595.22,2.79
1715247513115,1715247513188292000,BINANCE,BNBUSDT,SELL,595.27,2.17
1715247513485,1715247513424273000,BINANCE,BNBUSDT,SELL,595.27,1.11
1715247513500,1715247513450233000,BINANCE,BNBUSDT,SELL,595.23,0.01
1715247513519,1715247513509646000,BINANCE,BNBUSDT,BUY,595.23,1.85
1715247513584,1715247513529711000,BINANCE,BNBUSDT,SELL,595.22,5.06
1715247513603,1715247513597806000,BINANCE,BNBUSDT,SELL,595.21,0.02
1715247513674,1715247513597854000,BINANCE,BNBUSDT,SELL,595.18,2.58
1715247513674,1715247513653632000,BINANCE,BNBUSDT,SELL,595.16,1.1
1715247513729,1715247513653717000,BINANCE,BNBUSDT,SELL,595.14,2.58
1715247513729,1715247513653796000,BINANCE,BNBUSDT,SELL,595.12,4.65
1715247513729,1715247513805520000,BINANCE,BNBUSDT,SELL,595.11,0.26
1715247513880,1715247513953085000,BINANCE,BNBUSDT,BUY,595.12,1
1715247514062,1715247514137330000,BINANCE,BNBUSDT,BUY,595.12,0.01
1715247514434,1715247514508383000,BINANCE,BNBUSDT,SELL,595.11,1.68
1715247514845,1715247514919560000,BINANCE,BNBUSDT,BUY,595.12,0.05
1715247515208,1715247515133357000,BINANCE,BNBUSDT,BUY,595.12,6.6
1715247515208,1715247515187490000,BINANCE,BNBUSDT,BUY,595.13,0.01
1715247515264,1715247515188674000,BINANCE,BNBUSDT,BUY,595.17,15.12
1715247515265,1715247515190599000,BINANCE,BNBUSDT,BUY,595.18,10.08
1715247515267,1715247515223652000,BINANCE,BNBUSDT,BUY,595.19,0.01
1715247515297,1715247515371629000,BINANCE,BNBUSDT,BUY,595.22,0.01
1715247515699,1715247515772332000,BINANCE,BNBUSDT,SELL,595.23,1.01
1715247516304,1715247516378398000,BINANCE,BNBUSDT,SELL,595.2,0.54
1715247516613,1715247516537053000,BINANCE,BNBUSDT,SELL,595.2,13.7
1715247516613,1715247516537090000,BINANCE,BNBUSDT,SELL,595.19,0.68
1715247516613,1715247516537102000,BINANCE,BNBUSDT,SELL,595.18,5.93
1715247516613,1715247516537114000,BINANCE,BNBUSDT,SELL,595.17,10.23
1715247516613,1715247516537127000,BINANCE,BNBUSDT,SELL,595.16,11.35
1715247516613,1715247516537139000,BINANCE,BNBUSDT,SELL,595.15,12.42
1715247516613,1715247516537151000,BINANCE,BNBUSDT,SELL,595.14,16.03
1715247516613,1715247516537163000,BINANCE,BNBUSDT,SELL,595.13,3.47
1715247516613,1715247516537175000,BINANCE,BNBUSDT,SELL,595.12,11.43
1715247516613,1715247516537187000,BINANCE,BNBUSDT,SELL,595.11,2.85
1715247516613,1715247516537199000,BINANCE,BNBUSDT,SELL,595.1,2.57
1715247516613,1715247516537211000,BINANCE,BNBUSDT,SELL,595.09,4.46
1715247516613,1715247516537224000,BINANCE,BNBUSDT,SELL,595.08,2.57
1715247516613,1715247516537236000,BINANCE,BNBUSDT,SELL,595.07,0.75
1715247516613,1715247516537248000,BINANCE,BNBUSDT,SELL,595.06,2.6
1715247516613,1715247516537260000,BINANCE,BNBUSDT,SELL,595.05,3.67
1715247516613,1715247516537271000,BINANCE,BNBUSDT,SELL,595.04,3.09
1715247516613,1715247516537283000,BINANCE,BNBUSDT,SELL,595.02,2.11
1715247516613,1715247516537295000,BINANCE,BNBUSDT,SELL,595.01,3.56
1715247516613,1715247516555995000,BINANCE,BNBUSDT,SELL,595,6
1715247516633,1715247516582700000,BINANCE,BNBUSDT,SELL,594.99,0.02
1715247516660,1715247516732189000,BINANCE,BNBUSDT,SELL,594.98,0.18
1715247516897,1715247516826342000,BINANCE,BNBUSDT,SELL,594.96,6.01
1715247516901,1715247516826363000,BINANCE,BNBUSDT,SELL,594.95,0.03
1715247516901,1715247516847269000,BINANCE,BNBUSDT,SELL,594.93,0.04
1715247516924,1715247516997109000,BINANCE,BNBUSDT,BUY,594.93,0.82
1715247517330,1715247517402649000,BINANCE,BNBUSDT,BUY,594.93,0.22
1715247517480,1715247517402682000,BINANCE,BNBUSDT,BUY,594.93,4.48
1715247517480,1715247517402710000,BINANCE,BNBUSDT,BUY,594.94,3.71
1715247517480,1715247517402737000,BINANCE,BNBUSDT,BUY,594.95,11.77
1715247517480,1715247517554193000,BINANCE,BNBUSDT,BUY,594.96,10.04
1715247517734,1715247517806870000,BINANCE,BNBUSDT,BUY,594.96,3.81
1715247517912,1715247517988867000,BINANCE,BNBUSDT,BUY,594.96,0.01
1715247518148,1715247518223349000,BINANCE,BNBUSDT,BUY,594.96,1
1715247518349,1715247518398393000,BINANCE,BNBUSDT,BUY,594.96,1.03
1715247518474,1715247518401665000,BINANCE,BNBUSDT,SELL,594.95,14.46
1715247518479,1715247518401693000,BINANCE,BNBUSDT,SELL,594.93,0.89
1715247518479,1715247518401718000,BINANCE,BNBUSDT,SELL,594.92,0.84
1715247518479,1715247518450079000,BINANCE,BNBUSDT,SELL,594.91,2.16
1715247518526,1715247518599506000,BINANCE,BNBUSDT,BUY,594.91,1.48
1715247518792,1715247518866627000,BINANCE,BNBUSDT,SELL,594.9,0.11
1715247518958,1715247519032345000,BINANCE,BNBUSDT,BUY,594.91,1.67
1715247519273,1715247519337437000,BINANCE,BNBUSDT,SELL,594.9,0.03
1715247519414,1715247519421840000,BINANCE,BNBUSDT,SELL,594.9,15.02
1715247519498,1715247519421869000,BINANCE,BNBUSDT,SELL,594.89,0.07
1715247519498,1715247519573437000,BINANCE,BNBUSDT,SELL,594.88,1.23
1715247519659,1715247519732978000,BINANCE,BNBUSDT,BUY,594.88,0.5
1715247520064,1715247519988371000,BINANCE,BNBUSDT,SELL,594.87,4.72
1715247520064,1715247520006435000,BINANCE,BNBUSDT,SELL,594.86,4.21
1715247520084,1715247520158351000,BINANCE,BNBUSDT,SELL,594.85,0.04
1715247520458,1715247520534177000,BINANCE,BNBUSDT,SELL,594.85,0.86
1715247520778,1715247520705107000,BINANCE,BNBUSDT,SELL,594.85,0.08
1715247520780,1715247520705135000,BINANCE,BNBUSDT,BUY,594.86,10.01
1715247520780,1715247520705156000,BINANCE,BNBUSDT,BUY,594.87,4.76
1715247520780,1715247520705177000,BINANCE,BNBUSDT,BUY,594.88,6.79
1715247520780,1715247520705198000,BINANCE,BNBUSDT,BUY,594.89,16.71
1715247520780,1715247520705218000,BINANCE,BNBUSDT,BUY,594.9,18.17
1715247520780,1715247520705241000,BINANCE,BNBUSDT,BUY,594.91,20.68
1715247520780,1715247520855351000,BINANCE,BNBUSDT,BUY,594.92,21.69
1715247521022,1715247520945824000,BINANCE,BNBUSDT,BUY,594.92,5.14
1715247521022,1715247520945857000,BINANCE,BNBUSDT,BUY,594.93,0.01
1715247521022,1715247520996396000,BINANCE,BNBUSDT,BUY,594.94,0.03
1715247521071,1715247521145995000,BINANCE,BNBUSDT,SELL,594.93,0.21
1715247521501,1715247521573105000,BINANCE,BNBUSDT,SELL,594.93,1
1715247521981,1715247522056378000,BINANCE,BNBUSDT,BUY,594.94,5.07
1715247522169,1715247522243074000,BINANCE,BNBUSDT,BUY,594.94,0.18
1715247522629,1715247522554404000,BINANCE,BNBUSDT,BUY,594.94,8.86
1715247522629,1715247522554444000,BINANCE,BNBUSDT,BUY,594.95,0.68
1715247522629,1715247522554478000,BINANCE,BNBUSDT,BUY,594.96,5.01
1715247522629,1715247522554513000,BINANCE,BNBUSDT,BUY,594.97,22.7
1715247522629,1715247522706698000,BINANCE,BNBUSDT,BUY,594.98,20.3
1715247522802,1715247522729690000,BINANCE,BNBUSDT,SELL,594.94,5.08
1715247522802,1715247522734914000,BINANCE,BNBUSDT,SELL,594.93,0.59
1715247522813,1715247522886794000,BINANCE,BNBUSDT,SELL,594.92,0.01
1715247523074,1715247523018500000,BINANCE,BNBUSDT,SELL,594.88,0.03
1715247523093,1715247523018546000,BINANCE,BNBUSDT,BUY,594.89,0.77
1715247523093,1715247523018583000,BINANCE,BNBUSDT,BUY,594.9,2.57
1715247523093,1715247523018621000,BINANCE,BNBUSDT,BUY,594.91,4.17
1715247523093,1715247523018658000,BINANCE,BNBUSDT,BUY,594.92,12.42
1715247523093,1715247523050448000,BINANCE,BNBUSDT,BUY,594.93,10.41
1715247523126,1715247523050519000,BINANCE,BNBUSDT,BUY,594.94,7.57
1715247523126,1715247523202192000,BINANCE,BNBUSDT,BUY,594.95,8.66
1715247523295,1715247523371291000,BINANCE,BNBUSDT,SELL,594.94,0.1
1715247523504,1715247523578016000,BINANCE,BNBUSDT,SELL,594.92,0.07
1715247524650,1715247524580532000,BINANCE,BNBUSDT,BUY,594.91,14.94
1715247524650,1715247524580606000,BINANCE,BNBUSDT,BUY,594.93,4.08
1715247524650,1715247524580643000,BINANCE,BNBUSDT,BUY,594.94,3.54
1715247524650,1715247524580727000,BINANCE,BNBUSDT,BUY,594.95,5.66
1715247524650,1715247524724273000,BINANCE,BNBUSDT,BUY,594.96,1.78
1715247524802,1715247524877653000,BINANCE,BNBUSDT,BUY,594.96,0.72
1715247525961,1715247525895294000,BINANCE,BNBUSDT,SELL,594.95,4.09
1715247525971,1715247525895317000,BINANCE,BNBUSDT,BUY,594.91,3.57
1715247525971,1715247525895336000,BINANCE,BNBUSDT,BUY,594.93,6.1
1715247525971,1715247526046465000,BINANCE,BNBUSDT,BUY,594.95,20.33
1715247526336,1715247526411124000,BINANCE,BNBUSDT,SELL,594.93,0.62
1715247526708,1715247526631647000,BINANCE,BNBUSDT,SELL,594.93,3.34
1715247526708,1715247526783237000,BINANCE,BNBUSDT,SELL,594.92,1
1715247527137,1715247527208824000,BINANCE,BNBUSDT,SELL,594.93,0.13
1715247527317,1715247527240586000,BINANCE,BNBUSDT,BUY,594.94,2.1
1715247527317,1715247527240634000,BINANCE,BNBUSDT,BUY,594.96,5.11
1715247527317,1715247527240670000,BINANCE,BNBUSDT,BUY,594.97,8.97
1715247527317,1715247527318360000,BINANCE,BNBUSDT,BUY,594.98,13.82
1715247527394,1715247527468938000,BINANCE,BNBUSDT,BUY,594.99,1.25
1715247528037,1715247527962828000,BINANCE,BNBUSDT,BUY,594.99,0.39
1715247528038,1715247528093317000,BINANCE,BNBUSDT,BUY,595,372.82
1715247528170,1715247528169878000,BINANCE,BNBUSDT,BUY,595,5.84
1715247528246,1715247528314441000,BINANCE,BNBUSDT,SELL,594.99,0.05
1715247528391,1715247528465943000,BINANCE,BNBUSDT,BUY,595,1.49
1715247528587,1715247528661849000,BINANCE,BNBUSDT,BUY,595,30.19
1715247528785,1715247528859711000,BINANCE,BNBUSDT,BUY,595,0.84
1715247529049,1715247529122632000,BINANCE,BNBUSDT,BUY,595,0.84
1715247529477,1715247529419549000,BINANCE,BNBUSDT,BUY,595,0.84
1715247529495,1715247529444989000,BINANCE,BNBUSDT,SELL,594.99,0.01
1715247529521,1715247529586140000,BINANCE,BNBUSDT,BUY,595,2.34
1715247529662,1715247529738039000,BINANCE,BNBUSDT,BUY,595,0.63
1715247529821,1715247529754700000,BINANCE,BNBUSDT,BUY,595,314.9
1715247529831,1715247529754765000,BINANCE,BNBUSDT,BUY,595.01,0.01
1715247529831,1715247529754810000,BINANCE,BNBUSDT,BUY,595.03,10.08
1715247529831,1715247529754854000,BINANCE,BNBUSDT,BUY,595.04,4.64
1715247529831,1715247529754898000,BINANCE,BNBUSDT,BUY,595.05,13.99
1715247529831,1715247529754943000,BINANCE,BNBUSDT,BUY,595.06,10.08
1715247529831,1715247529760879000,BINANCE,BNBUSDT,BUY,595.07,8.01
1715247529837,1715247529760937000,BINANCE,BNBUSDT,BUY,595.11,0.01
1715247529837,1715247529760981000,BINANCE,BNBUSDT,BUY,595.12,1.7
1715247529837,1715247529875040000,BINANCE,BNBUSDT,BUY,595.13,1.78
1715247529949,1715247529875153000,BINANCE,BNBUSDT,BUY,595.14,0.01
1715247529949,1715247529946584000,BINANCE,BNBUSDT,BUY,595.15,3.97
1715247530023,1715247529960021000,BINANCE,BNBUSDT,BUY,595.16,0.2
1715247530033,1715247530080133000,BINANCE,BNBUSDT,BUY,595.17,0.23
1715247530155,1715247530080232000,BINANCE,BNBUSDT,SELL,595.17,19.72
1715247530155,1715247530081366000,BINANCE,BNBUSDT,SELL,595.16,0.16
1715247530158,1715247530231667000,BINANCE,BNBUSDT,SELL,595.15,0.17
1715247530738,1715247530813862000,BINANCE,BNBUSDT,BUY,595.15,0.16
1715247531177,1715247531099574000,BINANCE,BNBUSDT,BUY,595.15,0.33
1715247531177,1715247531103189000,BINANCE,BNBUSDT,BUY,595.18,4.07
1715247531177,1715247531103271000,BINANCE,BNBUSDT,BUY,595.19,16.8
1715247531177,1715247531103330000,BINANCE,BNBUSDT,BUY,595.2,8.8
1715247531177,1715247531219549000,BINANCE,BNBUSDT,SELL,595.18,1
1715247531295,1715247531315574000,BINANCE,BNBUSDT,BUY,595.2,1.66
1715247531391,1715247531411551000,BINANCE,BNBUSDT,SELL,595.19,7.27
1715247531488,1715247531562545000,BINANCE,BNBUSDT,BUY,595.2,0.01
1715247531952,1715247531947850000,BINANCE,BNBUSDT,BUY,595.2,41.57
1715247532024,1715247532055489000,BINANCE,BNBUSDT,BUY,595.21,0.04
1715247532131,1715247532206455000,BINANCE,BNBUSDT,BUY,595.22,0.83
1715247532306,1715247532380329000,BINANCE,BNBUSDT,BUY,595.22,0.83
1715247532471,1715247532493559000,BINANCE,BNBUSDT,SELL,595.21,0.98
1715247532570,1715247532495636000,BINANCE,BNBUSDT,BUY,595.22,0.77
1715247532570,1715247532495728000,BINANCE,BNBUSDT,BUY,595.23,2.78
1715247532570,1715247532495807000,BINANCE,BNBUSDT,BUY,595.24,0.02
1715247532570,1715247532495885000,BINANCE,BNBUSDT,BUY,595.25,0.04
1715247532570,1715247532496001000,BINANCE,BNBUSDT,BUY,595.26,0.04
1715247532570,1715247532496085000,BINANCE,BNBUSDT,BUY,595.27,0.09
1715247532570,1715247532496163000,BINANCE,BNBUSDT,BUY,595.28,7.95
1715247532570,1715247532496241000,BINANCE,BNBUSDT,BUY,595.29,10.1
1715247532570,1715247532644310000,BINANCE,BNBUSDT,BUY,595.3,8.21
1715247532882,1715247532956210000,BINANCE,BNBUSDT,BUY,595.31,0.1
1715247533117,1715247533045830000,BINANCE,BNBUSDT,BUY,595.31,0.14
1715247533121,1715247533195832000,BINANCE,BNBUSDT,SELL,595.3,5
1715247533670,1715247533686936000,BINANCE,BNBUSDT,SELL,595.3,5.18
1715247533764,1715247533760014000,BINANCE,BNBUSDT,SELL,595.28,3.73
1715247533835,1715247533909635000,BINANCE,BNBUSDT,BUY,595.27,30
1715247534014,1715247533937533000,BINANCE,BNBUSDT,BUY,595.27,0.42
1715247534014,1715247534087878000,BINANCE,BNBUSDT,BUY,595.3,0.04
1715247534210,1715247534134332000,BINANCE,BNBUSDT,BUY,595.31,5.88
1715247534210,1715247534134366000,BINANCE,BNBUSDT,BUY,595.32,0.01
1715247534210,1715247534134411000,BINANCE,BNBUSDT,BUY,595.34,0.52
1715247534210,1715247534285163000,BINANCE,BNBUSDT,BUY,595.35,1.38
1715247534979,1715247535046512000,BINANCE,BNBUSDT,BUY,595.35,10.95
1715247535119,1715247535046548000,BINANCE,BNBUSDT,BUY,595.35,6.95
1715247535119,1715247535046576000,BINANCE,BNBUSDT,BUY,595.36,3.35
1715247535119,1715247535046604000,BINANCE,BNBUSDT,BUY,595.37,0.02
1715247535119,1715247535046631000,BINANCE,BNBUSDT,BUY,595.38,5
1715247535119,1715247535194350000,BINANCE,BNBUSDT,BUY,595.39,14.68
1715247535357,1715247535434429000,BINANCE,BNBUSDT,SELL,595.39,0.36
1715247535887,1715247535911289000,BINANCE,BNBUSDT,SELL,595.39,0.91
1715247535987,1715247536061359000,BINANCE,BNBUSDT,BUY,595.4,0.75
1715247536486,1715247536410096000,BINANCE,BNBUSDT,BUY,595.4,10.21
1715247536486,1715247536410131000,BINANCE,BNBUSDT,BUY,595.41,0.01
1715247536486,1715247536410159000,BINANCE,BNBUSDT,BUY,595.42,6.79
1715247536486,1715247536561510000,BINANCE,BNBUSDT,BUY,595.43,12.99
1715247536802,1715247536727176000,BINANCE,BNBUSDT,BUY,595.44,1.77
1715247536802,1715247536744605000,BINANCE,BNBUSDT,BUY,595.45,4.88
1715247536821,1715247536744645000,BINANCE,BNBUSDT,BUY,595.46,0.02
1715247536821,1715247536894630000,BINANCE,BNBUSDT,BUY,595.47,2.23
1715247537167,1715247537240944000,BINANCE,BNBUSDT,SELL,595.47,0.68
1715247537331,1715247537406229000,BINANCE,BNBUSDT,SELL,595.47,1.06
1715247537689,1715247537622076000,BINANCE,BNBUSDT,BUY,595.48,4.13
1715247537696,1715247537761270000,BINANCE,BNBUSDT,BUY,595.49,0.05
1715247537837,1715247537813761000,BINANCE,BNBUSDT,SELL,595.49,0.01
1715247537890,1715247537813779000,BINANCE,BNBUSDT,BUY,595.5,4.67
1715247537890,1715247537813794000,BINANCE,BNBUSDT,BUY,595.51,0.05
1715247537890,1715247537813809000,BINANCE,BNBUSDT,BUY,595.52,0.12
1715247537890,1715247537813825000,BINANCE,BNBUSDT,BUY,595.54,0.03
1715247537890,1715247537813841000,BINANCE,BNBUSDT,BUY,595.55,11.15
1715247537890,1715247537962964000,BINANCE,BNBUSDT,BUY,595.56,13.98
1715247538057,1715247538053929000,BINANCE,BNBUSDT,BUY,595.56,0.22
1715247538130,1715247538204072000,BINANCE,BNBUSDT,SELL,595.55,16.79
1715247538479,1715247538440106000,BINANCE,BNBUSDT,BUY,595.56,1.52
1715247538515,1715247538590132000,BINANCE,BNBUSDT,SELL,595.57,1.46
1715247539058,1715247538992304000,BINANCE,BNBUSDT,BUY,595.59,0.22
1715247539068,1715247539064151000,BINANCE,BNBUSDT,BUY,595.6,0.04
1715247539139,1715247539064184000,BINANCE,BNBUSDT,BUY,595.61,0.84
1715247539139,1715247539064208000,BINANCE,BNBUSDT,BUY,595.62,2.24
1715247539139,1715247539064232000,BINANCE,BNBUSDT,BUY,595.63,0.01
1715247539139,1715247539064255000,BINANCE,BNBUSDT,BUY,595.64,0.12
1715247539139,1715247539064279000,BINANCE,BNBUSDT,BUY,595.65,4
1715247539139,1715247539064303000,BINANCE,BNBUSDT,BUY,595.66,14.56
1715247539139,1715247539064326000,BINANCE,BNBUSDT,BUY,595.68,2.48
1715247539139,1715247539064350000,BINANCE,BNBUSDT,BUY,595.69,0.69
1715247539139,1715247539064375000,BINANCE,BNBUSDT,BUY,595.7,10.16
1715247539139,1715247539064399000,BINANCE,BNBUSDT,BUY,595.71,16.18
1715247539139,1715247539094990000,BINANCE,BNBUSDT,BUY,595.72,9.35
1715247539172,1715247539095022000,BINANCE,BNBUSDT,BUY,595.73,13.98
1715247539172,1715247539095049000,BINANCE,BNBUSDT,BUY,595.74,1.11
1715247539172,1715247539095077000,BINANCE,BNBUSDT,BUY,595.75,3.45
1715247539172,1715247539095105000,BINANCE,BNBUSDT,BUY,595.76,8.5
1715247539172,1715247539096594000,BINANCE,BNBUSDT,BUY,595.77,0.69
1715247539172,1715247539245832000,BINANCE,BNBUSDT,BUY,595.78,2.27
1715247539380,1715247539457787000,BINANCE,BNBUSDT,BUY,595.77,4.73
1715247539780,1715247539855033000,BINANCE,BNBUSDT,BUY,595.77,0.15
1715247540079,1715247540154359000,BINANCE,BNBUSDT,SELL,595.76,9.84
1715247540314,1715247540267522000,BINANCE,BNBUSDT,BUY,595.75,2.5
1715247540343,1715247540267583000,BINANCE,BNBUSDT,BUY,595.76,1.08
1715247540343,1715247540267631000,BINANCE,BNBUSDT,BUY,595.77,1.49
1715247540343,1715247540267675000,BINANCE,BNBUSDT,BUY,595.78,4.63
1715247540343,1715247540267720000,BINANCE,BNBUSDT,BUY,595.79,13.78
1715247540343,1715247540267764000,BINANCE,BNBUSDT,BUY,595.8,0.55
1715247540343,1715247540267808000,BINANCE,BNBUSDT,BUY,595.81,0.15
1715247540343,1715247540267852000,BINANCE,BNBUSDT,BUY,595.82,3.98
1715247540343,1715247540409265000,BINANCE,BNBUSDT,BUY,595.83,4.34
1715247540486,1715247540506211000,BINANCE,BNBUSDT,BUY,595.84,7
1715247540583,1715247540510379000,BINANCE,BNBUSDT,BUY,595.85,0.32
1715247540583,1715247540510433000,BINANCE,BNBUSDT,BUY,595.86,3.15
1715247540583,1715247540510477000,BINANCE,BNBUSDT,BUY,595.87,0.48
1715247540583,1715247540510522000,BINANCE,BNBUSDT,BUY,595.88,0.38
1715247540583,1715247540510567000,BINANCE,BNBUSDT,BUY,595.89,0.01
1715247540583,1715247540510612000,BINANCE,BNBUSDT,BUY,595.9,0.78
1715247540583,1715247540510656000,BINANCE,BNBUSDT,BUY,595.91,7.37
1715247540583,1715247540655831000,BINANCE,BNBUSDT,BUY,595.92,2.02
1715247540825,1715247540749486000,BINANCE,BNBUSDT,BUY,595.92,1
1715247540825,1715247540749591000,BINANCE,BNBUSDT,BUY,595.93,0.12
1715247540825,1715247540749669000,BINANCE,BNBUSDT,BUY,595.94,0.1
1715247540825,1715247540751233000,BINANCE,BNBUSDT,BUY,595.95,0.04
1715247540825,1715247540751356000,BINANCE,BNBUSDT,BUY,595.96,0.08
1715247540825,1715247540751442000,BINANCE,BNBUSDT,BUY,595.97,2.27
1715247540825,1715247540900586000,BINANCE,BNBUSDT,BUY,595.98,0.16
1715247540987,1715247541062664000,BINANCE,BNBUSDT,SELL,595.97,0.01
1715247541585,1715247541545704000,BINANCE,BNBUSDT,BUY,595.98,17.09
1715247541617,1715247541545739000,BINANCE,BNBUSDT,BUY,595.99,10.36
1715247541617,1715247541545767000,BINANCE,BNBUSDT,BUY,596,35.95
1715247541618,1715247541545795000,BINANCE,BNBUSDT,BUY,596.01,5.06
1715247541618,1715247541545823000,BINANCE,BNBUSDT,BUY,596.02,13.09
1715247541618,1715247541545851000,BINANCE,BNBUSDT,BUY,596.03,10.11
1715247541618,1715247541545879000,BINANCE,BNBUSDT,BUY,596.04,20.32
1715247541618,1715247541545907000,BINANCE,BNBUSDT,BUY,596.05,58.53
1715247541618,1715247541557857000,BINANCE,BNBUSDT,BUY,596.06,14.93
1715247541629,1715247541589435000,BINANCE,BNBUSDT,SELL,596.05,2.26
1715247541661,1715247541734970000,BINANCE,BNBUSDT,BUY,596.06,0.12
1715247541825,1715247541783126000,BINANCE,BNBUSDT,BUY,596.06,2
1715247541858,1715247541932879000,BINANCE,BNBUSDT,SELL,596.05,1.22
1715247542377,1715247542301074000,BINANCE,BNBUSDT,BUY,596.06,9.16
1715247542377,1715247542301125000,BINANCE,BNBUSDT,BUY,596.07,0.04
1715247542377,1715247542301163000,BINANCE,BNBUSDT,BUY,596.08,0.01
1715247542377,1715247542301200000,BINANCE,BNBUSDT,BUY,596.09,3.24
1715247542377,1715247542301237000,BINANCE,BNBUSDT,BUY,596.1,0.12
1715247542377,1715247542301274000,BINANCE,BNBUSDT,BUY,596.11,10.21
1715247542377,1715247542301310000,BINANCE,BNBUSDT,BUY,596.12,31.12
1715247542378,1715247542305169000,BINANCE,BNBUSDT,BUY,596.13,22.82
1715247542378,1715247542305219000,BINANCE,BNBUSDT,BUY,596.14,6.01
1715247542378,1715247542305257000,BINANCE,BNBUSDT,BUY,596.15,21.29
1715247542378,1715247542305295000,BINANCE,BNBUSDT,BUY,596.16,9.78
1715247542378,1715247542305333000,BINANCE,BNBUSDT,BUY,596.17,5.83
1715247542378,1715247542305371000,BINANCE,BNBUSDT,BUY,596.18,6.99
1715247542378,1715247542305408000,BINANCE,BNBUSDT,BUY,596.19,12.4
1715247542378,1715247542305446000,BINANCE,BNBUSDT,BUY,596.2,13.04
1715247542378,1715247542305484000,BINANCE,BNBUSDT,BUY,596.21,0.12
1715247542378,1715247542305522000,BINANCE,BNBUSDT,BUY,596.22,14.05
1715247542378,1715247542305562000,BINANCE,BNBUSDT,BUY,596.23,26.26
1715247542378,1715247542305600000,BINANCE,BNBUSDT,BUY,596.24,0.06
1715247542378,1715247542305637000,BINANCE,BNBUSDT,BUY,596.25,19.29
1715247542378,1715247542305674000,BINANCE,BNBUSDT,BUY,596.26,5.99
1715247542378,1715247542305712000,BINANCE,BNBUSDT,BUY,596.27,0.33
1715247542378,1715247542305750000,BINANCE,BNBUSDT,BUY,596.28,9.9
1715247542378,1715247542305788000,BINANCE,BNBUSDT,BUY,596.29,40.88
1715247542378,1715247542305826000,BINANCE,BNBUSDT,BUY,596.3,70.2
1715247542378,1715247542305878000,BINANCE,BNBUSDT,BUY,596.31,8.5
1715247542378,1715247542305916000,BINANCE,BNBUSDT,BUY,596.32,13.02
1715247542378,1715247542305953000,BINANCE,BNBUSDT,BUY,596.33,20.11
1715247542378,1715247542305991000,BINANCE,BNBUSDT,BUY,596.34,0.82
1715247542378,1715247542306028000,BINANCE,BNBUSDT,BUY,596.35,18.68
1715247542378,1715247542306066000,BINANCE,BNBUSDT,BUY,596.36,39.64
1715247542378,1715247542306103000,BINANCE,BNBUSDT,BUY,596.37,21.59
1715247542378,1715247542306141000,BINANCE,BNBUSDT,BUY,596.38,1.08
1715247542378,1715247542306179000,BINANCE,BNBUSDT,BUY,596.39,9.02
1715247542378,1715247542306217000,BINANCE,BNBUSDT,BUY,596.4,18.29
1715247542378,1715247542306255000,BINANCE,BNBUSDT,BUY,596.41,6.45
1715247542378,1715247542307696000,BINANCE,BNBUSDT,BUY,596.42,3.66
1715247542384,1715247542308359000,BINANCE,BNBUSDT,BUY,596.18,4
1715247542384,1715247542308923000,BINANCE,BNBUSDT,BUY,596.19,2
1715247542384,1715247542308981000,BINANCE,BNBUSDT,BUY,596.21,0.01
1715247542384,1715247542309021000,BINANCE,BNBUSDT,BUY,596.23,0.83
1715247542384,1715247542309060000,BINANCE,BNBUSDT,BUY,596.24,5.66
1715247542384,1715247542309098000,BINANCE,BNBUSDT,BUY,596.35,1.67
1715247542384,1715247542354854000,BINANCE,BNBUSDT,BUY,596.37,0.85
1715247542428,1715247542360379000,BINANCE,BNBUSDT,SELL,596.32,6.45
1715247542437,1715247542360448000,BINANCE,BNBUSDT,SELL,596.31,1.19
1715247542437,1715247542508193000,BINANCE,BNBUSDT,SELL,596.3,2.62
1715247542592,1715247542607998000,BINANCE,BNBUSDT,SELL,596.28,0.99
1715247542685,1715247542656246000,BINANCE,BNBUSDT,SELL,596.22,16.76
1715247542733,1715247542669896000,BINANCE,BNBUSDT,SELL,596.2,2.2
1715247542746,1715247542689663000,BINANCE,BNBUSDT,SELL,596.19,6.06
1715247542766,1715247542728487000,BINANCE,BNBUSDT,SELL,596.18,0.01
1715247542805,1715247542728526000,BINANCE,BNBUSDT,SELL,596.11,0.01
1715247542805,1715247542728559000,BINANCE,BNBUSDT,SELL,596.1,0.01
1715247542805,1715247542867250000,BINANCE,BNBUSDT,SELL,596.09,1.57
1715247542943,1715247542971713000,BINANCE,BNBUSDT,SELL,596.09,0.08
1715247543045,1715247542972506000,BINANCE,BNBUSDT,SELL,596.09,5.15
1715247543046,1715247542972548000,BINANCE,BNBUSDT,SELL,596.07,6.32
1715247543047,1715247542977810000,BINANCE,BNBUSDT,SELL,596.06,20.9
1715247543049,1715247542977885000,BINANCE,BNBUSDT,BUY,596.07,0.03
1715247543051,1715247542998123000,BINANCE,BNBUSDT,SELL,596.05,0.33
1715247543073,1715247543001244000,BINANCE,BNBUSDT,SELL,596.03,0.01
1715247543073,1715247543041270000,BINANCE,BNBUSDT,SELL,596.02,0.18
1715247543117,1715247543041312000,BINANCE,BNBUSDT,SELL,596.01,0.01
1715247543117,1715247543090763000,BINANCE,BNBUSDT,SELL,596,2.02
1715247543167,1715247543090829000,BINANCE,BNBUSDT,SELL,595.99,0.03
1715247543167,1715247543094344000,BINANCE,BNBUSDT,SELL,595.98,2.41
1715247543168,1715247543132529000,BINANCE,BNBUSDT,SELL,595.97,4.35
1715247543208,1715247543137528000,BINANCE,BNBUSDT,SELL,595.96,0.02
1715247543214,1715247543153480000,BINANCE,BNBUSDT,BUY,595.96,0.25
1715247543230,1715247543153577000,BINANCE,BNBUSDT,SELL,595.95,0.01
1715247543230,1715247543225529000,BINANCE,BNBUSDT,SELL,595.92,0.19
1715247543302,1715247543257126000,BINANCE,BNBUSDT,SELL,595.9,0.28
1715247543332,1715247543257178000,BINANCE,BNBUSDT,SELL,595.89,0.02
1715247543332,1715247543292282000,BINANCE,BNBUSDT,SELL,595.88,0.02
1715247543368,1715247543441480000,BINANCE,BNBUSDT,SELL,595.87,0.07
1715247543530,1715247543459652000,BINANCE,BNBUSDT,SELL,595.85,5.07
1715247543536,1715247543474724000,BINANCE,BNBUSDT,SELL,595.84,0.01
1715247543551,1715247543474750000,BINANCE,BNBUSDT,SELL,595.81,0.03
1715247543551,1715247543481932000,BINANCE,BNBUSDT,SELL,595.8,0.01
1715247543558,1715247543553548000,BINANCE,BNBUSDT,SELL,595.79,0.04
1715247543629,1715247543704187000,BINANCE,BNBUSDT,BUY,595.77,2.17
1715247543865,1715247543791534000,BINANCE,BNBUSDT,BUY,595.77,0.12
1715247543865,1715247543791586000,BINANCE,BNBUSDT,BUY,595.78,2
1715247543865,1715247543791627000,BINANCE,BNBUSDT,BUY,595.8,5.55
1715247543865,1715247543791664000,BINANCE,BNBUSDT,BUY,595.82,3.45
1715247543865,1715247543791701000,BINANCE,BNBUSDT,BUY,595.84,7.71
1715247543865,1715247543791739000,BINANCE,BNBUSDT,BUY,595.85,7.39
1715247543865,1715247543791776000,BINANCE,BNBUSDT,BUY,595.86,3.15
1715247543865,1715247543791813000,BINANCE,BNBUSDT,BUY,595.88,0.53
1715247543865,1715247543791850000,BINANCE,BNBUSDT,BUY,595.89,1.63
1715247543865,1715247543791888000,BINANCE,BNBUSDT,BUY,595.9,1.92
1715247543865,1715247543791925000,BINANCE,BNBUSDT,BUY,595.91,7.29
1715247543865,1715247543791962000,BINANCE,BNBUSDT,BUY,595.92,2.1
1715247543865,1715247543791999000,BINANCE,BNBUSDT,BUY,595.94,0.05
1715247543865,1715247543792035000,BINANCE,BNBUSDT,BUY,595.95,4.7
1715247543865,1715247543792072000,BINANCE,BNBUSDT,BUY,595.96,8.39
1715247543865,1715247543939464000,BINANCE,BNBUSDT,BUY,595.97,10.41
1715247544081,1715247544143879000,BINANCE,BNBUSDT,SELL,595.92,0.02
1715247544219,1715247544292383000,BINANCE,BNBUSDT,SELL,595.92,0.01
1715247544660,1715247544621312000,BINANCE,BNBUSDT,SELL,595.92,1.27
1715247544695,1715247544721264000,BINANCE,BNBUSDT,SELL,595.88,0.07
1715247544796,1715247544821742000,BINANCE,BNBUSDT,BUY,595.83,0.08
1715247544898,1715247544821795000,BINANCE,BNBUSDT,BUY,595.83,13.55
1715247544898,1715247544973278000,BINANCE,BNBUSDT,BUY,595.84,6.45
1715247545163,1715247545239031000,BINANCE,BNBUSDT,BUY,595.84,0.07
1715247545416,1715247545340233000,BINANCE,BNBUSDT,SELL,595.88,0.04
1715247545416,1715247545380286000,BINANCE,BNBUSDT,SELL,595.87,3.23
1715247545456,1715247545529516000,BINANCE,BNBUSDT,SELL,595.86,0.23
1715247545614,1715247545594219000,BINANCE,BNBUSDT,SELL,595.86,2.95
1715247545669,1715247545594320000,BINANCE,BNBUSDT,SELL,595.84,3.13
1715247545669,1715247545594397000,BINANCE,BNBUSDT,SELL,595.83,2.1
1715247545669,1715247545594476000,BINANCE,BNBUSDT,SELL,595.82,6.67
1715247545669,1715247545594554000,BINANCE,BNBUSDT,SELL,595.8,2.75
1715247545669,1715247545594631000,BINANCE,BNBUSDT,SELL,595.79,5.34
1715247545669,1715247545594708000,BINANCE,BNBUSDT,SELL,595.78,5.35
1715247545669,1715247545594785000,BINANCE,BNBUSDT,SELL,595.77,1.76
1715247545669,1715247545594865000,BINANCE,BNBUSDT,SELL,595.76,6.29
1715247545669,1715247545594995000,BINANCE,BNBUSDT,SELL,595.75,4.49
1715247545669,1715247545595091000,BINANCE,BNBUSDT,SELL,595.74,2.2
1715247545669,1715247545595169000,BINANCE,BNBUSDT,SELL,595.73,0.86
1715247545669,1715247545596837000,BINANCE,BNBUSDT,SELL,595.72,2.78
1715247545669,1715247545596928000,BINANCE,BNBUSDT,SELL,595.71,4.11
1715247545669,1715247545597006000,BINANCE,BNBUSDT,SELL,595.7,5.99
1715247545669,1715247545597084000,BINANCE,BNBUSDT,SELL,595.69,7.1
1715247545669,1715247545597161000,BINANCE,BNBUSDT,SELL,595.68,1.56
1715247545669,1715247545597240000,BINANCE,BNBUSDT,SELL,595.67,8.56
1715247545669,1715247545597321000,BINANCE,BNBUSDT,SELL,595.66,21.78
1715247545669,1715247545597426000,BINANCE,BNBUSDT,SELL,595.65,11.81
1715247545669,1715247545597506000,BINANCE,BNBUSDT,SELL,595.64,16.77
1715247545669,1715247545597613000,BINANCE,BNBUSDT,SELL,595.63,8.78
1715247545669,1715247545597720000,BINANCE,BNBUSDT,SELL,595.62,2.79
1715247545669,1715247545597830000,BINANCE,BNBUSDT,SELL,595.61,14.17
1715247545669,1715247545605487000,BINANCE,BNBUSDT,SELL,595.6,0.03
1715247545683,1715247545628552000,BINANCE,BNBUSDT,SELL,595.65,0.43
1715247545706,1715247545655904000,BINANCE,BNBUSDT,BUY,595.66,4.9
1715247545730,1715247545728507000,BINANCE,BNBUSDT,SELL,595.74,0.44
1715247545806,1715247545834075000,BINANCE,BNBUSDT,BUY,595.75,0.25
1715247545910,1715247545985910000,BINANCE,BNBUSDT,BUY,595.75,2.76
1715247546065,1715247545986776000,BINANCE,BNBUSDT,BUY,595.75,5.27
1715247546065,1715247546138180000,BINANCE,BNBUSDT,BUY,595.76,4.73
1715247546959,1715247547033392000,BINANCE,BNBUSDT,BUY,595.76,0.08
1715247547138,1715247547111104000,BINANCE,BNBUSDT,SELL,595.75,2.03
1715247547187,1715247547198257000,BINANCE,BNBUSDT,SELL,595.74,0.01
1715247547274,1715247547349393000,BINANCE,BNBUSDT,BUY,595.75,0.17
1715247547721,1715247547795175000,BINANCE,BNBUSDT,BUY,595.75,0.03
1715247547909,1715247547982837000,BINANCE,BNBUSDT,SELL,595.74,2.73
1715247548082,1715247548017743000,BINANCE,BNBUSDT,BUY,595.75,10.52
1715247548091,1715247548054719000,BINANCE,BNBUSDT,BUY,595.76,0.5
1715247548130,1715247548205066000,BINANCE,BNBUSDT,BUY,595.77,18.71
1715247548507,1715247548582359000,BINANCE,BNBUSDT,BUY,595.77,0.14
1715247548744,1715247548671812000,BINANCE,BNBUSDT,BUY,595.77,23.79
1715247548747,1715247548821216000,BINANCE,BNBUSDT,BUY,595.8,0.83
1715247548925,1715247548975637000,BINANCE,BNBUSDT,BUY,595.8,0.05
1715247549051,1715247548975669000,BINANCE,BNBUSDT,BUY,595.8,0.86
1715247549051,1715247548975693000,BINANCE,BNBUSDT,BUY,595.82,0.02
1715247549051,1715247549125069000,BINANCE,BNBUSDT,BUY,595.83,0.56
1715247549573,1715247549646221000,BINANCE,BNBUSDT,SELL,595.83,0.02
1715247549808,1715247549883527000,BINANCE,BNBUSDT,SELL,595.83,0.01
1715247549971,1715247550044191000,BINANCE,BNBUSDT,SELL,595.83,2.44
1715247550889,1715247550812446000,BINANCE,BNBUSDT,BUY,595.84,15.75
