timestamp,local_timestamp,exchange,symbol,side,price,qty
1715247433892,1715247433826241000,GATE,BNBUSDT,BUY,595.2,0.315
1715247434029,1715247433964204000,GATE,BNBUSDT,BUY,595.2,0.553
1715247434034,1715247433966043000,GATE,BNBUSDT,BUY,595.25,2.042
1715247434152,1715247434092068000,GATE,BNBUSDT,SELL,595.3,0.462
1715247437780,1715247437711003000,GATE,BNBUSDT,SELL,595.35,0.672
1715247446322,1715247446255614000,GATE,BNBUSDT,BUY,595.4,0.584
1715247453918,1715247453848884000,GATE,BNBUSDT,BUY,595.5,0.3
1715247453921,1715247453854265000,GATE,BNBUSDT,BUY,595.5,0.284
1715247453922,1715247453854362000,GATE,BNBUSDT,BUY,595.5,1.236
1715247453922,1715247453854455000,GATE,BNBUSDT,BUY,595.5,2.88
1715247453922,1715247453854530000,GATE,BNBUSDT,BUY,595.5,0.111
1715247455353,1715247455285839000,GATE,BNBUSDT,SELL,595.55,1.359
1715247460353,1715247460285853000,GATE,BNBUSDT,BUY,595.5,1.634
1715247462272,1715247462204066000,GATE,BNBUSDT,BUY,595.5,0.584
1715247468585,1715247468517362000,GATE,BNBUSDT,SELL,595.5,1.359
1715247469727,1715247469660589000,GATE,BNBUSDT,BUY,595.5,1.679
1715247469727,1715247469660707000,GATE,BNBUSDT,BUY,595.5,0.002
1715247470885,1715247470818213000,GATE,BNBUSDT,BUY,595.55,0.584
1715247470891,1715247470825521000,GATE,BNBUSDT,BUY,595.6,0.157
1715247470899,1715247470835253000,GATE,BNBUSDT,BUY,595.65,0.002
1715247470920,1715247470852692000,GATE,BNBUSDT,SELL,595.6,0.114
1715247474587,1715247474518975000,GATE,BNBUSDT,BUY,595.75,0.268
1715247477219,1715247477153970000,GATE,BNBUSDT,BUY,595.85,0.312
1715247478778,1715247478708982000,GATE,BNBUSDT,BUY,595.9,0.274
1715247478778,1715247478709056000,GATE,BNBUSDT,BUY,595.9,0.13
1715247478778,1715247478709112000,GATE,BNBUSDT,BUY,595.9,0.129
1715247478778,1715247478710657000,GATE,BNBUSDT,BUY,595.9,3.475
1715247478778,1715247478710723000,GATE,BNBUSDT,BUY,595.9,1.678
1715247484062,1715247483993141000,GATE,BNBUSDT,SELL,596,0.454
1715247485646,1715247485575778000,GATE,BNBUSDT,SELL,596,0.005
1715247485812,1715247485748794000,GATE,BNBUSDT,SELL,596,0.9
1715247490420,1715247490363996000,GATE,BNBUSDT,BUY,595.9,0.42
1715247490453,1715247490389848000,GATE,BNBUSDT,BUY,595.9,0.315
1715247490572,1715247490508913000,GATE,BNBUSDT,SELL,596,0.273
1715247490982,1715247490919286000,GATE,BNBUSDT,SELL,596,1.086
1715247490982,1715247490920426000,GATE,BNBUSDT,SELL,596,1.024
1715247490983,1715247490920473000,GATE,BNBUSDT,SELL,596,0.345
1715247508507,1715247508438319000,GATE,BNBUSDT,SELL,595.8,0.002
1715247508507,1715247508438361000,GATE,BNBUSDT,SELL,595.8,1.359
1715247508507,1715247508438392000,GATE,BNBUSDT,SELL,595.8,1.369
1715247508509,1715247508442165000,GATE,BNBUSDT,SELL,595.75,1.359
1715247508509,1715247508442199000,GATE,BNBUSDT,SELL,595.75,0.879
1715247508510,1715247508442227000,GATE,BNBUSDT,SELL,595.75,0.49
1715247511295,1715247511224273000,GATE,BNBUSDT,BUY,595.65,1.661
1715247511297,1715247511228635000,GATE,BNBUSDT,BUY,595.65,1.469
1715247514421,1715247514354746000,GATE,BNBUSDT,SELL,595.6,0.048
1715247514492,1715247514424235000,GATE,BNBUSDT,SELL,595.6,0.043
1715247516116,1715247516046378000,GATE,BNBUSDT,BUY,595.65,0.002
1715247516116,1715247516046411000,GATE,BNBUSDT,BUY,595.65,0.584
1715247516615,1715247516548106000,GATE,BNBUSDT,SELL,595.65,3.905
1715247516615,1715247516548129000,GATE,BNBUSDT,SELL,595.65,0.002
1715247516628,1715247516559286000,GATE,BNBUSDT,SELL,595.6,0.387
1715247516642,1715247516573532000,GATE,BNBUSDT,SELL,595.5,1.094
1715247516643,1715247516577099000,GATE,BNBUSDT,SELL,595.5,0.17
1715247516643,1715247516577126000,GATE,BNBUSDT,SELL,595.5,0.646
1715247516658,1715247516589806000,GATE,BNBUSDT,SELL,595.5,1.476
1715247516659,1715247516592809000,GATE,BNBUSDT,SELL,595.5,0.614
1715247520783,1715247520717141000,GATE,BNBUSDT,BUY,595.3,3.25
1715247520783,1715247520717175000,GATE,BNBUSDT,BUY,595.3,3.558
1715247520783,1715247520717196000,GATE,BNBUSDT,BUY,595.3,1.68
1715247528036,1715247527967802000,GATE,BNBUSDT,BUY,595.4,0.584
1715247529837,1715247529768901000,GATE,BNBUSDT,BUY,595.5,0.584
1715247529837,1715247529768948000,GATE,BNBUSDT,BUY,595.5,1.679
1715247529837,1715247529768982000,GATE,BNBUSDT,BUY,595.5,3.25
1715247529838,1715247529769015000,GATE,BNBUSDT,BUY,595.5,3.028
1715247529838,1715247529769069000,GATE,BNBUSDT,BUY,595.5,0.517
1715247529843,1715247529774755000,GATE,BNBUSDT,BUY,595.55,0.523
1715247529843,1715247529774808000,GATE,BNBUSDT,BUY,595.55,0.735
1715247529848,1715247529782086000,GATE,BNBUSDT,BUY,595.5,0.563
1715247529849,1715247529782126000,GATE,BNBUSDT,BUY,595.5,0.52
1715247529948,1715247529883141000,GATE,BNBUSDT,BUY,595.55,2.764
1715247534984,1715247534921597000,GATE,BNBUSDT,BUY,595.7,3.705
1715247536611,1715247536542529000,GATE,BNBUSDT,BUY,595.8,0.584
1715247539604,1715247539535230000,GATE,BNBUSDT,BUY,596.1,0.583
1715247540312,1715247540244295000,GATE,BNBUSDT,BUY,596.15,0.56
1715247540313,1715247540244363000,GATE,BNBUSDT,BUY,596.15,0.53
1715247540588,1715247540519185000,GATE,BNBUSDT,BUY,596.2,0.018
1715247541624,1715247541561091000,GATE,BNBUSDT,BUY,596.35,1.267
1715247541624,1715247541561129000,GATE,BNBUSDT,BUY,596.35,3.25
1715247541625,1715247541561158000,GATE,BNBUSDT,BUY,596.4,0.002
1715247542381,1715247542315495000,GATE,BNBUSDT,BUY,596.45,1.441
1715247542381,1715247542315552000,GATE,BNBUSDT,BUY,596.45,0.332
1715247542381,1715247542315587000,GATE,BNBUSDT,BUY,596.5,0.312
1715247542381,1715247542315623000,GATE,BNBUSDT,BUY,596.5,0.001
1715247542381,1715247542315658000,GATE,BNBUSDT,BUY,596.5,0.005
1715247542381,1715247542315693000,GATE,BNBUSDT,BUY,596.5,0.142
1715247542382,1715247542315728000,GATE,BNBUSDT,BUY,596.55,1.487
1715247542384,1715247542318597000,GATE,BNBUSDT,BUY,596.55,0.442
1715247542384,1715247542320028000,GATE,BNBUSDT,BUY,596.6,0.002
1715247542384,1715247542320069000,GATE,BNBUSDT,BUY,596.65,0.001
1715247542384,1715247542320104000,GATE,BNBUSDT,BUY,596.65,3.25
1715247542410,1715247542345974000,GATE,BNBUSDT,SELL,596.7,0.546
1715247542412,1715247542346102000,GATE,BNBUSDT,SELL,596.7,0.546
1715247545672,1715247545605749000,GATE,BNBUSDT,SELL,596.25,4.189
1715247547222,1715247547159227000,GATE,BNBUSDT,SELL,596.15,0.002
1715247548747,1715247548680847000,GATE,BNBUSDT,BUY,596.2,0.51
1715247548928,1715247548862735000,GATE,BNBUSDT,BUY,596.2,3.286
1715247548928,1715247548862784000,GATE,BNBUSDT,BUY,596.2,1.082
1715247557971,1715247557905717000,GATE,BNBUSDT,SELL,596.25,1.369
1715247557971,1715247557905795000,GATE,BNBUSDT,SELL,596.25,0.741
