timestamp,local_timestamp,exchange,symbol,side,price,qty
1715247432845,1715247432843359000,BINANCE,ETHUSDT,BUY,2963.01,3.007
1715247432919,1715247432876023000,BINANCE,ETHUSDT,SELL,2963,2.735
1715247432949,1715247432935976000,BINANCE,ETHUSDT,BUY,2963.01,0.554
1715247432999,1715247432936036000,BINANCE,ETHUSDT,SELL,2963,22.641
1715247432999,1715247432947438000,BINANCE,ETHUSDT,SELL,2962.99,5.045
1715247433021,1715247432947547000,BINANCE,ETHUSDT,BUY,2963,24.215
1715247433021,1715247432947626000,BINANCE,ETHUSDT,BUY,2963.01,1.931
1715247433021,1715247432947704000,BINANCE,ETHUSDT,SELL,2962.99,35.051
1715247433021,1715247432947783000,BINANCE,ETHUSDT,SELL,2962.96,0.025
1715247433021,1715247432947896000,BINANCE,ETHUSDT,SELL,2962.94,0.13
1715247433021,1715247432947979000,BINANCE,ETHUSDT,SELL,2962.93,7.577
1715247433021,1715247432948056000,BINANCE,ETHUSDT,SELL,2962.92,0.063
1715247433021,1715247432948168000,BINANCE,ETHUSDT,SELL,2962.91,0.031
1715247433021,1715247432948251000,BINANCE,ETHUSDT,SELL,2962.88,0.838
1715247433021,1715247432948330000,BINANCE,ETHUSDT,SELL,2962.87,0.051
1715247433021,1715247432948407000,BINANCE,ETHUSDT,SELL,2962.86,0.058
1715247433021,1715247432948484000,BINANCE,ETHUSDT,SELL,2962.85,1.036
1715247433021,1715247432949516000,BINANCE,ETHUSDT,SELL,2962.84,0.386
1715247433021,1715247432949578000,BINANCE,ETHUSDT,SELL,2962.83,0.063
1715247433021,1715247432949635000,BINANCE,ETHUSDT,SELL,2962.82,1.292
1715247433021,1715247432949731000,BINANCE,ETHUSDT,SELL,2962.81,0.01
1715247433021,1715247432949802000,BINANCE,ETHUSDT,SELL,2962.8,1.683
1715247433021,1715247432949860000,BINANCE,ETHUSDT,SELL,2962.79,0.568
1715247433021,1715247432949917000,BINANCE,ETHUSDT,SELL,2962.78,0.031
1715247433021,1715247432949974000,BINANCE,ETHUSDT,SELL,2962.77,0.022
1715247433021,1715247432950050000,BINANCE,ETHUSDT,SELL,2962.76,1.188
1715247433021,1715247432950124000,BINANCE,ETHUSDT,SELL,2962.75,0.107
1715247433021,1715247432950181000,BINANCE,ETHUSDT,SELL,2962.74,0.2
1715247433021,1715247432950238000,BINANCE,ETHUSDT,SELL,2962.73,0.062
1715247433021,1715247432950295000,BINANCE,ETHUSDT,SELL,2962.72,1.707
1715247433021,1715247432950358000,BINANCE,ETHUSDT,SELL,2962.69,0.954
1715247433022,1715247432950416000,BINANCE,ETHUSDT,SELL,2962.68,0.015
1715247433022,1715247432950472000,BINANCE,ETHUSDT,SELL,2962.67,0.061
1715247433022,1715247432950531000,BINANCE,ETHUSDT,SELL,2962.66,1.903
1715247433022,1715247432950589000,BINANCE,ETHUSDT,SELL,2962.65,0.028
1715247433022,1715247432950646000,BINANCE,ETHUSDT,SELL,2962.64,0.022
1715247433022,1715247432950715000,BINANCE,ETHUSDT,SELL,2962.63,0.285
1715247433022,1715247432950784000,BINANCE,ETHUSDT,SELL,2962.62,0.094
1715247433022,1715247432950841000,BINANCE,ETHUSDT,SELL,2962.61,0.071
1715247433022,1715247432950899000,BINANCE,ETHUSDT,SELL,2962.6,1.197
1715247433022,1715247432950962000,BINANCE,ETHUSDT,BUY,2963.01,0.012
1715247433022,1715247432951007000,BINANCE,ETHUSDT,SELL,2962.6,5.623
1715247433022,1715247432951052000,BINANCE,ETHUSDT,SELL,2962.59,1.181
1715247433022,1715247432951098000,BINANCE,ETHUSDT,SELL,2962.58,1.952
1715247433022,1715247432951143000,BINANCE,ETHUSDT,SELL,2962.57,3.4
1715247433022,1715247432951254000,BINANCE,ETHUSDT,SELL,2962.56,2.001
1715247433022,1715247432951301000,BINANCE,ETHUSDT,SELL,2962.55,1.034
1715247433022,1715247432951346000,BINANCE,ETHUSDT,SELL,2962.54,0.124
1715247433022,1715247433001391000,BINANCE,ETHUSDT,SELL,2962.53,0.913
1715247433022,1715247433001494000,BINANCE,ETHUSDT,SELL,2962.52,0.695
1715247433022,1715247433001573000,BINANCE,ETHUSDT,SELL,2962.51,0.873
1715247433022,1715247433001662000,BINANCE,ETHUSDT,SELL,2962.5,0.124
1715247433022,1715247433001743000,BINANCE,ETHUSDT,BUY,2963.01,2.09
1715247433022,1715247433001830000,BINANCE,ETHUSDT,BUY,2963.04,0.688
1715247433022,1715247433001910000,BINANCE,ETHUSDT,BUY,2963.05,2
1715247433022,1715247433001992000,BINANCE,ETHUSDT,BUY,2963.08,0.696
1715247433022,1715247433002070000,BINANCE,ETHUSDT,BUY,2963.1,0.125
1715247433022,1715247433002148000,BINANCE,ETHUSDT,SELL,2962.5,0.676
1715247433022,1715247433002225000,BINANCE,ETHUSDT,BUY,2963.1,0.007
1715247433022,1715247433002303000,BINANCE,ETHUSDT,SELL,2962.5,2.458
1715247433022,1715247433002381000,BINANCE,ETHUSDT,SELL,2962.49,0.407
1715247433022,1715247433002489000,BINANCE,ETHUSDT,SELL,2962.48,1.846
1715247433022,1715247433002567000,BINANCE,ETHUSDT,SELL,2962.47,1.772
1715247433022,1715247433002646000,BINANCE,ETHUSDT,SELL,2962.46,2.724
1715247433022,1715247433002724000,BINANCE,ETHUSDT,SELL,2962.45,0.078
1715247433022,1715247433002809000,BINANCE,ETHUSDT,SELL,2962.44,5.889
1715247433022,1715247433002886000,BINANCE,ETHUSDT,SELL,2962.43,0.134
1715247433022,1715247433002964000,BINANCE,ETHUSDT,SELL,2962.42,1.856
1715247433022,1715247433003055000,BINANCE,ETHUSDT,SELL,2962.4,0.588
1715247433022,1715247433003167000,BINANCE,ETHUSDT,SELL,2962.39,0.01
1715247433022,1715247433003402000,BINANCE,ETHUSDT,SELL,2962.38,2.724
1715247433022,1715247433003485000,BINANCE,ETHUSDT,SELL,2962.37,1.735
1715247433022,1715247433003563000,BINANCE,ETHUSDT,BUY,2963.1,0.007
1715247433022,1715247433003640000,BINANCE,ETHUSDT,SELL,2962.37,0.964
1715247433022,1715247433003718000,BINANCE,ETHUSDT,SELL,2962.36,0.491
1715247433022,1715247433003802000,BINANCE,ETHUSDT,SELL,2962.35,2.735
1715247433022,1715247433003880000,BINANCE,ETHUSDT,SELL,2962.34,0.007
1715247433022,1715247433003958000,BINANCE,ETHUSDT,SELL,2962.33,6.665
1715247433022,1715247433004032000,BINANCE,ETHUSDT,SELL,2962.32,8.434
1715247433022,1715247433004088000,BINANCE,ETHUSDT,SELL,2962.3,3.632
1715247433022,1715247433004382000,BINANCE,ETHUSDT,SELL,2962.29,4.37
1715247433022,1715247433004467000,BINANCE,ETHUSDT,BUY,2963.1,0.007
1715247433022,1715247433004529000,BINANCE,ETHUSDT,SELL,2962.29,6.809
1715247433022,1715247433004585000,BINANCE,ETHUSDT,SELL,2962.28,0.056
1715247433022,1715247433004642000,BINANCE,ETHUSDT,SELL,2962.27,0.755
1715247433022,1715247433004711000,BINANCE,ETHUSDT,SELL,2962.26,6.197
1715247433022,1715247433019893000,BINANCE,ETHUSDT,SELL,2962.25,1.966
1715247433022,1715247433019966000,BINANCE,ETHUSDT,SELL,2962.24,0.281
1715247433022,1715247433020023000,BINANCE,ETHUSDT,SELL,2962.23,3.822
1715247433022,1715247433020079000,BINANCE,ETHUSDT,SELL,2962.22,1.034
1715247433022,1715247433020135000,BINANCE,ETHUSDT,SELL,2962.21,0.921
1715247433022,1715247433020192000,BINANCE,ETHUSDT,SELL,2962.2,10.585
1715247433022,1715247433020248000,BINANCE,ETHUSDT,BUY,2963.1,0.008
1715247433022,1715247433020315000,BINANCE,ETHUSDT,SELL,2962.2,5
1715247433022,1715247433020372000,BINANCE,ETHUSDT,BUY,2963.1,0.102
1715247433022,1715247433020438000,BINANCE,ETHUSDT,BUY,2963.12,0.066
1715247433022,1715247433020494000,BINANCE,ETHUSDT,SELL,2962.2,1.934
1715247433022,1715247433020560000,BINANCE,ETHUSDT,SELL,2962.19,0.572
1715247433022,1715247433020613000,BINANCE,ETHUSDT,SELL,2962.18,2.853
1715247433022,1715247433020657000,BINANCE,ETHUSDT,SELL,2962.17,0.2
1715247433022,1715247433026078000,BINANCE,ETHUSDT,BUY,2963.12,1.338
1715247433022,1715247433026131000,BINANCE,ETHUSDT,SELL,2962.17,0.181
1715247433022,1715247433026176000,BINANCE,ETHUSDT,BUY,2963.12,0.369
1715247433022,1715247433026220000,BINANCE,ETHUSDT,SELL,2962.17,1.304
1715247433022,1715247433026263000,BINANCE,ETHUSDT,SELL,2962.16,0.678
1715247433023,1715247433026306000,BINANCE,ETHUSDT,SELL,2962.15,6.858
1715247433023,1715247433026349000,BINANCE,ETHUSDT,SELL,2962.14,5.202
1715247433023,1715247433026393000,BINANCE,ETHUSDT,BUY,2963.12,0.201
1715247433023,1715247433026435000,BINANCE,ETHUSDT,SELL,2962.14,0.905
1715247433023,1715247433026477000,BINANCE,ETHUSDT,BUY,2963.12,0.3
1715247433023,1715247433026518000,BINANCE,ETHUSDT,SELL,2962.14,3.219
1715247433023,1715247433026552000,BINANCE,ETHUSDT,BUY,2963.12,0.017
1715247433023,1715247433026585000,BINANCE,ETHUSDT,SELL,2962.14,0.139
1715247433023,1715247433026621000,BINANCE,ETHUSDT,SELL,2962.13,1.479
1715247433023,1715247433026655000,BINANCE,ETHUSDT,SELL,2962.12,0.022
1715247433023,1715247433026689000,BINANCE,ETHUSDT,SELL,2962.11,0.023
1715247433023,1715247433048213000,BINANCE,ETHUSDT,SELL,2962.1,3.894
1715247433023,1715247433048249000,BINANCE,ETHUSDT,SELL,2962.09,1.031
1715247433023,1715247433048331000,BINANCE,ETHUSDT,SELL,2962.08,27.839
1715247433023,1715247433048368000,BINANCE,ETHUSDT,SELL,2962.07,0.018
1715247433023,1715247433048396000,BINANCE,ETHUSDT,SELL,2962.06,0.278
1715247433023,1715247433048424000,BINANCE,ETHUSDT,SELL,2962.05,0.092
1715247433023,1715247433048452000,BINANCE,ETHUSDT,SELL,2962.04,2.098
1715247433023,1715247433048480000,BINANCE,ETHUSDT,SELL,2962.03,6.983
1715247433023,1715247433048508000,BINANCE,ETHUSDT,SELL,2962.02,12.262
1715247433023,1715247433048536000,BINANCE,ETHUSDT,SELL,2962.01,7.46
1715247433023,1715247433048565000,BINANCE,ETHUSDT,BUY,2963.12,2.5
1715247433023,1715247433048593000,BINANCE,ETHUSDT,SELL,2962.01,17.331
1715247433023,1715247433048621000,BINANCE,ETHUSDT,BUY,2963.12,2.614
1715247433023,1715247433048650000,BINANCE,ETHUSDT,BUY,2963.15,0.333
1715247433023,1715247433048678000,BINANCE,ETHUSDT,BUY,2963.16,0.688
1715247433023,1715247433048708000,BINANCE,ETHUSDT,BUY,2963.17,0.007
1715247433023,1715247433048736000,BINANCE,ETHUSDT,BUY,2963.18,0.057
1715247433023,1715247433048807000,BINANCE,ETHUSDT,BUY,2963.19,0.324
1715247433023,1715247433048848000,BINANCE,ETHUSDT,BUY,2963.2,0.348
1715247433023,1715247433048877000,BINANCE,ETHUSDT,BUY,2963.21,0.329
1715247433023,1715247433048905000,BINANCE,ETHUSDT,BUY,2963.22,0.453
1715247433023,1715247433048933000,BINANCE,ETHUSDT,BUY,2963.23,6.363
1715247433023,1715247433048960000,BINANCE,ETHUSDT,BUY,2963.24,0.688
1715247433023,1715247433048988000,BINANCE,ETHUSDT,BUY,2963.25,0.007
1715247433023,1715247433049318000,BINANCE,ETHUSDT,BUY,2963.26,0.253
1715247433023,1715247433049350000,BINANCE,ETHUSDT,BUY,2963.27,0.024
1715247433023,1715247433049378000,BINANCE,ETHUSDT,BUY,2963.28,0.336
1715247433023,1715247433049405000,BINANCE,ETHUSDT,BUY,2963.29,1.687
1715247433023,1715247433049435000,BINANCE,ETHUSDT,BUY,2963.3,2.278
1715247433023,1715247433049463000,BINANCE,ETHUSDT,SELL,2962.01,3.338
1715247433023,1715247433049490000,BINANCE,ETHUSDT,SELL,2962,24.309
1715247433023,1715247433049517000,BINANCE,ETHUSDT,BUY,2963.3,8.418
1715247433023,1715247433049554000,BINANCE,ETHUSDT,SELL,2962,6.535
1715247433023,1715247433049583000,BINANCE,ETHUSDT,BUY,2963.3,1.268
1715247433023,1715247433049611000,BINANCE,ETHUSDT,SELL,2962,1.571
1715247433023,1715247433049638000,BINANCE,ETHUSDT,BUY,2963.3,0.02
1715247433023,1715247433049666000,BINANCE,ETHUSDT,SELL,2962,11.144
1715247433023,1715247433049702000,BINANCE,ETHUSDT,SELL,2961.99,0.993
1715247433024,1715247433049730000,BINANCE,ETHUSDT,BUY,2963.3,0.007
1715247433024,1715247433049758000,BINANCE,ETHUSDT,SELL,2961.99,0.084
1715247433024,1715247433049786000,BINANCE,ETHUSDT,BUY,2963.3,7
1715247433024,1715247433049814000,BINANCE,ETHUSDT,SELL,2961.99,0.16
1715247433024,1715247433049842000,BINANCE,ETHUSDT,SELL,2963.09,1.619
1715247433024,1715247433049878000,BINANCE,ETHUSDT,SELL,2963,8
1715247433024,1715247433049905000,BINANCE,ETHUSDT,BUY,2962.85,0.01
1715247433024,1715247433049933000,BINANCE,ETHUSDT,SELL,2961.99,0.119
1715247433024,1715247433049960000,BINANCE,ETHUSDT,SELL,2962.83,0.02
1715247433024,1715247433050035000,BINANCE,ETHUSDT,SELL,2961.99,3.355
1715247433024,1715247433050066000,BINANCE,ETHUSDT,SELL,2962.75,0.067
1715247433024,1715247433050095000,BINANCE,ETHUSDT,SELL,2962.61,0.067
1715247433024,1715247433050122000,BINANCE,ETHUSDT,SELL,2961.99,0.029
1715247433024,1715247433050150000,BINANCE,ETHUSDT,SELL,2962.53,0.01
1715247433024,1715247433050178000,BINANCE,ETHUSDT,BUY,2962.52,2
1715247433024,1715247433050206000,BINANCE,ETHUSDT,BUY,2962.53,2
1715247433024,1715247433050234000,BINANCE,ETHUSDT,BUY,2962.54,2
1715247433024,1715247433050262000,BINANCE,ETHUSDT,BUY,2962.55,1.926
1715247433024,1715247433050593000,BINANCE,ETHUSDT,BUY,2962.56,2
1715247433024,1715247433050658000,BINANCE,ETHUSDT,BUY,2962.57,1.928
1715247433024,1715247433050685000,BINANCE,ETHUSDT,BUY,2962.58,2
1715247433024,1715247433050715000,BINANCE,ETHUSDT,BUY,2962.59,2
1715247433024,1715247433050743000,BINANCE,ETHUSDT,BUY,2962.6,4.479
1715247433024,1715247433050772000,BINANCE,ETHUSDT,BUY,2962.61,1.933
1715247433024,1715247433050800000,BINANCE,ETHUSDT,BUY,2962.62,2
1715247433024,1715247433050827000,BINANCE,ETHUSDT,BUY,2962.63,2
1715247433024,1715247433050856000,BINANCE,ETHUSDT,BUY,2962.64,2
1715247433024,1715247433050884000,BINANCE,ETHUSDT,BUY,2962.65,2
1715247433024,1715247433050912000,BINANCE,ETHUSDT,BUY,2962.66,2
1715247433024,1715247433050940000,BINANCE,ETHUSDT,BUY,2962.67,2
1715247433024,1715247433050995000,BINANCE,ETHUSDT,BUY,2962.68,2
1715247433024,1715247433051071000,BINANCE,ETHUSDT,BUY,2962.69,2
1715247433024,1715247433051103000,BINANCE,ETHUSDT,BUY,2962.7,2
1715247433024,1715247433051131000,BINANCE,ETHUSDT,BUY,2962.73,2
1715247433024,1715247433051159000,BINANCE,ETHUSDT,BUY,2962.74,4
1715247433024,1715247433051186000,BINANCE,ETHUSDT,BUY,2962.76,2
1715247433024,1715247433051215000,BINANCE,ETHUSDT,BUY,2962.77,2
1715247433024,1715247433051242000,BINANCE,ETHUSDT,BUY,2962.78,2
1715247433024,1715247433051270000,BINANCE,ETHUSDT,BUY,2962.79,4.039
1715247433024,1715247433051298000,BINANCE,ETHUSDT,BUY,2962.8,2
1715247433024,1715247433051325000,BINANCE,ETHUSDT,BUY,2962.81,2
1715247433024,1715247433051353000,BINANCE,ETHUSDT,BUY,2962.82,2
1715247433024,1715247433051381000,BINANCE,ETHUSDT,BUY,2962.83,3.778
1715247433024,1715247433051408000,BINANCE,ETHUSDT,BUY,2962.84,2
1715247433024,1715247433051436000,BINANCE,ETHUSDT,BUY,2962.85,17.775
1715247433024,1715247433051464000,BINANCE,ETHUSDT,BUY,2962.86,2
1715247433024,1715247433053277000,BINANCE,ETHUSDT,BUY,2962.87,2
1715247433024,1715247433053307000,BINANCE,ETHUSDT,BUY,2962.88,2
1715247433024,1715247433053335000,BINANCE,ETHUSDT,BUY,2962.89,3.132
1715247433024,1715247433053364000,BINANCE,ETHUSDT,BUY,2962.92,2
1715247433024,1715247433053399000,BINANCE,ETHUSDT,BUY,2962.93,2
1715247433024,1715247433053427000,BINANCE,ETHUSDT,BUY,2962.94,2
1715247433024,1715247433053456000,BINANCE,ETHUSDT,BUY,2962.95,3.299
1715247433024,1715247433053484000,BINANCE,ETHUSDT,BUY,2962.97,10.674
1715247433024,1715247433053512000,BINANCE,ETHUSDT,BUY,2962.99,2
1715247433024,1715247433053540000,BINANCE,ETHUSDT,SELL,2963.09,0.08
1715247433024,1715247433053568000,BINANCE,ETHUSDT,SELL,2963.11,0.05
1715247433024,1715247433053596000,BINANCE,ETHUSDT,SELL,2963.29,18.337
1715247433024,1715247433053624000,BINANCE,ETHUSDT,SELL,2963.28,0.846
1715247433024,1715247433053652000,BINANCE,ETHUSDT,BUY,2963.3,0.016
1715247433024,1715247433053680000,BINANCE,ETHUSDT,SELL,2963.28,17.489
1715247433024,1715247433053707000,BINANCE,ETHUSDT,SELL,2963.27,18.334
1715247433024,1715247433229288000,BINANCE,ETHUSDT,SELL,2963.26,17.438
1715247433040,1715247433229301000,BINANCE,ETHUSDT,SELL,2963.17,2
1715247433041,1715247433229523000,BINANCE,ETHUSDT,SELL,2963,9.346
1715247433062,1715247433229559000,BINANCE,ETHUSDT,SELL,2962.99,11.2
1715247433092,1715247433229571000,BINANCE,ETHUSDT,SELL,2962.92,0.256
1715247433106,1715247433229583000,BINANCE,ETHUSDT,BUY,2962.99,0.168
1715247433106,1715247433229618000,BINANCE,ETHUSDT,SELL,2962.92,1.433
1715247433117,1715247433229630000,BINANCE,ETHUSDT,BUY,2962.98,2
1715247433117,1715247433229642000,BINANCE,ETHUSDT,BUY,2962.99,4.539
1715247433117,1715247433229654000,BINANCE,ETHUSDT,BUY,2963,1.846
1715247433124,1715247433229666000,BINANCE,ETHUSDT,BUY,2962.93,4
1715247433124,1715247433229678000,BINANCE,ETHUSDT,BUY,2962.98,0.128
1715247433124,1715247433229714000,BINANCE,ETHUSDT,BUY,2963,2.592
1715247433139,1715247433229726000,BINANCE,ETHUSDT,BUY,2962.96,0.015
1715247433139,1715247433229738000,BINANCE,ETHUSDT,BUY,2962.99,0.008
1715247433139,1715247433229750000,BINANCE,ETHUSDT,BUY,2963,1.281
1715247433140,1715247433229761000,BINANCE,ETHUSDT,BUY,2963.01,0.035
1715247433140,1715247433229785000,BINANCE,ETHUSDT,BUY,2963.02,0.949
1715247433140,1715247433229797000,BINANCE,ETHUSDT,BUY,2963.04,0.015
1715247433140,1715247433229809000,BINANCE,ETHUSDT,BUY,2963.07,0.831
1715247433140,1715247433229869000,BINANCE,ETHUSDT,BUY,2963.08,0.015
1715247433153,1715247433229881000,BINANCE,ETHUSDT,BUY,2963.12,0.023
1715247433153,1715247433229928000,BINANCE,ETHUSDT,BUY,2963.16,0.015
1715247433177,1715247433229940000,BINANCE,ETHUSDT,BUY,2963.2,0.023
1715247433177,1715247433229952000,BINANCE,ETHUSDT,BUY,2963.21,0.04
1715247433177,1715247433229964000,BINANCE,ETHUSDT,BUY,2963.24,0.022
1715247433177,1715247433230071000,BINANCE,ETHUSDT,BUY,2963.25,0.079
1715247433177,1715247433230202000,BINANCE,ETHUSDT,SELL,2963.24,0.635
1715247433180,1715247433230213000,BINANCE,ETHUSDT,SELL,2963.25,4
1715247433180,1715247433230226000,BINANCE,ETHUSDT,SELL,2963.24,3.373
1715247433180,1715247433230237000,BINANCE,ETHUSDT,SELL,2963.23,10.168
1715247433181,1715247433230249000,BINANCE,ETHUSDT,SELL,2963.2,8.302
1715247433181,1715247433230261000,BINANCE,ETHUSDT,SELL,2963.19,16.604
1715247433181,1715247433230272000,BINANCE,ETHUSDT,SELL,2963.17,48.463
1715247433182,1715247433230284000,BINANCE,ETHUSDT,SELL,2963.16,34.948
1715247433182,1715247433230341000,BINANCE,ETHUSDT,SELL,2963.13,0.238
1715247433182,1715247433230353000,BINANCE,ETHUSDT,SELL,2963.12,1.695
1715247433182,1715247433230364000,BINANCE,ETHUSDT,SELL,2963.11,2.192
1715247433183,1715247433230375000,BINANCE,ETHUSDT,SELL,2963.16,9.3
1715247433183,1715247433230386000,BINANCE,ETHUSDT,SELL,2963.11,6.207
1715247433183,1715247433230398000,BINANCE,ETHUSDT,SELL,2963.1,5.615
1715247433184,1715247433230409000,BINANCE,ETHUSDT,SELL,2963.09,8.398
1715247433184,1715247433230421000,BINANCE,ETHUSDT,SELL,2963.08,0.807
1715247433184,1715247433230433000,BINANCE,ETHUSDT,SELL,2963,1.526
1715247433184,1715247433230445000,BINANCE,ETHUSDT,SELL,2962.98,0.2
1715247433184,1715247433230456000,BINANCE,ETHUSDT,SELL,2962.94,48.687
1715247433184,1715247433230468000,BINANCE,ETHUSDT,SELL,2962.93,15.95
1715247433184,1715247433230481000,BINANCE,ETHUSDT,SELL,2962.92,2.968
1715247433184,1715247433230492000,BINANCE,ETHUSDT,SELL,2962.88,0.007
1715247433184,1715247433230504000,BINANCE,ETHUSDT,SELL,2962.81,0.01
1715247433185,1715247433230516000,BINANCE,ETHUSDT,BUY,2962.82,0.004
1715247433188,1715247433230528000,BINANCE,ETHUSDT,SELL,2962.81,1.19
1715247433188,1715247433230540000,BINANCE,ETHUSDT,SELL,2962.77,0.007
1715247433188,1715247433230551000,BINANCE,ETHUSDT,SELL,2962.73,0.008
1715247433188,1715247433230564000,BINANCE,ETHUSDT,SELL,2962.72,0.021
1715247433188,1715247433230587000,BINANCE,ETHUSDT,SELL,2962.69,0.01
1715247433193,1715247433230599000,BINANCE,ETHUSDT,SELL,2962.6,0.013
1715247433193,1715247433230611000,BINANCE,ETHUSDT,SELL,2962.58,0.526
1715247433197,1715247433230659000,BINANCE,ETHUSDT,BUY,2962.61,1.686
1715247433207,1715247433230671000,BINANCE,ETHUSDT,SELL,2962.58,2.703
1715247433217,1715247433230742000,BINANCE,ETHUSDT,BUY,2962.59,0.017
1715247433237,1715247433230754000,BINANCE,ETHUSDT,SELL,2962.58,0.235
1715247433247,1715247433230765000,BINANCE,ETHUSDT,BUY,2962.59,0.436
1715247433247,1715247433230777000,BINANCE,ETHUSDT,BUY,2962.6,0.015
1715247433247,1715247433230789000,BINANCE,ETHUSDT,BUY,2962.61,0.108
1715247433247,1715247433230801000,BINANCE,ETHUSDT,BUY,2962.64,0.015
1715247433247,1715247433230813000,BINANCE,ETHUSDT,BUY,2962.68,2.005
1715247433249,1715247433230825000,BINANCE,ETHUSDT,BUY,2962.72,0.015
1715247433249,1715247433230837000,BINANCE,ETHUSDT,BUY,2962.76,0.015
1715247433249,1715247433230849000,BINANCE,ETHUSDT,BUY,2962.77,8.005
1715247433252,1715247433230861000,BINANCE,ETHUSDT,BUY,2962.8,2.715
1715247433252,1715247433230873000,BINANCE,ETHUSDT,BUY,2962.81,1.495
1715247433252,1715247433230991000,BINANCE,ETHUSDT,BUY,2962.82,0.01
1715247433272,1715247433231003000,BINANCE,ETHUSDT,SELL,2962.83,1.984
1715247433274,1715247433231015000,BINANCE,ETHUSDT,SELL,2962.8,3.385
1715247433279,1715247433231027000,BINANCE,ETHUSDT,BUY,2962.81,2
1715247433279,1715247433231038000,BINANCE,ETHUSDT,BUY,2962.82,2
1715247433279,1715247433231050000,BINANCE,ETHUSDT,BUY,2962.84,0.011
1715247433284,1715247433231062000,BINANCE,ETHUSDT,SELL,2962.83,1.309
1715247433285,1715247433231073000,BINANCE,ETHUSDT,BUY,2962.84,0.012
1715247433285,1715247433231085000,BINANCE,ETHUSDT,BUY,2962.88,0.022
1715247433285,1715247433231097000,BINANCE,ETHUSDT,BUY,2962.89,0.032
1715247433285,1715247433231109000,BINANCE,ETHUSDT,BUY,2962.92,0.015
1715247433285,1715247433231157000,BINANCE,ETHUSDT,BUY,2962.93,3.339
1715247433292,1715247433231816000,BINANCE,ETHUSDT,BUY,2962.96,0.015
1715247433292,1715247433231828000,BINANCE,ETHUSDT,BUY,2963,0.015
1715247433292,1715247433231840000,BINANCE,ETHUSDT,BUY,2963.02,0.08
1715247433292,1715247433231852000,BINANCE,ETHUSDT,BUY,2963.04,0.022
1715247433292,1715247433231864000,BINANCE,ETHUSDT,BUY,2963.07,5.89
1715247433294,1715247433236677000,BINANCE,ETHUSDT,BUY,2963.08,0.015
1715247433312,1715247433265741000,BINANCE,ETHUSDT,SELL,2963.11,4.979
1715247433341,1715247433272004000,BINANCE,ETHUSDT,BUY,2963.12,17.142
1715247433347,1715247433273371000,BINANCE,ETHUSDT,SELL,2963.11,0.044
1715247433349,1715247433290448000,BINANCE,ETHUSDT,BUY,2963.12,4.51
1715247433367,1715247433334730000,BINANCE,ETHUSDT,SELL,2963.11,35.92
1715247433408,1715247433423156000,BINANCE,ETHUSDT,SELL,2963.1,4.162
1715247433500,1715247433432537000,BINANCE,ETHUSDT,BUY,2963.11,0.113
1715247433508,1715247433482183000,BINANCE,ETHUSDT,SELL,2963.1,3.227
1715247433558,1715247433487044000,BINANCE,ETHUSDT,BUY,2963.11,0.065
1715247433562,1715247433507908000,BINANCE,ETHUSDT,SELL,2963.1,0.663
1715247433584,1715247433507997000,BINANCE,ETHUSDT,BUY,2963.11,7.034
1715247433584,1715247433508035000,BINANCE,ETHUSDT,BUY,2963.12,0.475
1715247433584,1715247433508068000,BINANCE,ETHUSDT,BUY,2963.15,5.89
1715247433584,1715247433511190000,BINANCE,ETHUSDT,BUY,2963.16,0.015
1715247433587,1715247433520714000,BINANCE,ETHUSDT,BUY,2963.2,0.015
1715247433594,1715247433527209000,BINANCE,ETHUSDT,BUY,2963.21,0.014
1715247433601,1715247433553480000,BINANCE,ETHUSDT,BUY,2963.24,0.015
1715247433629,1715247433575866000,BINANCE,ETHUSDT,SELL,2963.24,0.297
1715247433651,1715247433594433000,BINANCE,ETHUSDT,BUY,2963.25,0.379
1715247433672,1715247433594466000,BINANCE,ETHUSDT,BUY,2963.27,0.59
1715247433672,1715247433603039000,BINANCE,ETHUSDT,BUY,2963.28,0.015
1715247433679,1715247433603065000,BINANCE,ETHUSDT,BUY,2963.32,0.015
1715247433679,1715247433603089000,BINANCE,ETHUSDT,BUY,2963.33,0.007
1715247433679,1715247433603114000,BINANCE,ETHUSDT,BUY,2963.36,0.022
1715247433679,1715247433603138000,BINANCE,ETHUSDT,BUY,2963.38,0.007
1715247433679,1715247433610803000,BINANCE,ETHUSDT,BUY,2963.4,0.01
1715247433687,1715247433618572000,BINANCE,ETHUSDT,SELL,2963.39,1.049
1715247433695,1715247433620035000,BINANCE,ETHUSDT,BUY,2963.4,6.736
1715247433697,1715247433626192000,BINANCE,ETHUSDT,SELL,2963.4,0.098
1715247433702,1715247433626223000,BINANCE,ETHUSDT,BUY,2963.41,0.04
1715247433702,1715247433626251000,BINANCE,ETHUSDT,BUY,2963.42,0.011
1715247433702,1715247433626279000,BINANCE,ETHUSDT,BUY,2963.44,0.015
1715247433702,1715247433626307000,BINANCE,ETHUSDT,BUY,2963.45,0.007
1715247433702,1715247433626335000,BINANCE,ETHUSDT,BUY,2963.46,0.033
1715247433702,1715247433626363000,BINANCE,ETHUSDT,BUY,2963.48,0.015
1715247433702,1715247433626401000,BINANCE,ETHUSDT,BUY,2963.49,0.007
1715247433702,1715247433627390000,BINANCE,ETHUSDT,BUY,2963.52,0.022
1715247433702,1715247433632274000,BINANCE,ETHUSDT,BUY,2963.56,0.015
1715247433709,1715247433641381000,BINANCE,ETHUSDT,SELL,2963.56,0.16
1715247433718,1715247433788875000,BINANCE,ETHUSDT,BUY,2963.57,0.133
1715247433866,1715247433788903000,BINANCE,ETHUSDT,SELL,2963.59,0.16
1715247433866,1715247433788926000,BINANCE,ETHUSDT,BUY,2963.6,0.015
1715247433866,1715247433796462000,BINANCE,ETHUSDT,BUY,2963.61,0.1
1715247433871,1715247433826108000,BINANCE,ETHUSDT,BUY,2963.62,0.007
1715247433901,1715247433835661000,BINANCE,ETHUSDT,BUY,2963.64,0.03
1715247433912,1715247433857003000,BINANCE,ETHUSDT,SELL,2963.63,0.017
1715247433932,1715247433879737000,BINANCE,ETHUSDT,BUY,2963.64,1.944
1715247433953,1715247433879836000,BINANCE,ETHUSDT,BUY,2963.68,0.015
1715247433953,1715247433879913000,BINANCE,ETHUSDT,BUY,2963.71,0.01
1715247433953,1715247433879992000,BINANCE,ETHUSDT,BUY,2963.72,0.015
1715247433953,1715247433880069000,BINANCE,ETHUSDT,BUY,2963.75,0.022
1715247433953,1715247433880173000,BINANCE,ETHUSDT,BUY,2963.76,4.715
1715247433953,1715247433880252000,BINANCE,ETHUSDT,BUY,2963.77,1.152
1715247433953,1715247433881524000,BINANCE,ETHUSDT,BUY,2963.79,0.092
1715247433953,1715247433881610000,BINANCE,ETHUSDT,BUY,2963.8,0.015
1715247433953,1715247433881689000,BINANCE,ETHUSDT,BUY,2963.83,0.007
1715247433953,1715247433881769000,BINANCE,ETHUSDT,BUY,2963.84,0.022
1715247433953,1715247433881848000,BINANCE,ETHUSDT,BUY,2963.85,0.643
1715247433953,1715247433881926000,BINANCE,ETHUSDT,BUY,2963.86,0.088
1715247433953,1715247433882004000,BINANCE,ETHUSDT,BUY,2963.88,0.062
1715247433953,1715247433882083000,BINANCE,ETHUSDT,BUY,2963.89,10.097
1715247433954,1715247433882191000,BINANCE,ETHUSDT,BUY,2963.9,0.336
1715247433954,1715247433882272000,BINANCE,ETHUSDT,BUY,2963.91,0.577
1715247433954,1715247433882351000,BINANCE,ETHUSDT,BUY,2963.92,0.015
1715247433954,1715247433882429000,BINANCE,ETHUSDT,BUY,2963.93,0.007
1715247433954,1715247433882507000,BINANCE,ETHUSDT,BUY,2963.94,2.257
1715247433954,1715247433900215000,BINANCE,ETHUSDT,BUY,2963.96,0.469
1715247433976,1715247433992991000,BINANCE,ETHUSDT,SELL,2963.95,34.093
1715247434067,1715247434121401000,BINANCE,ETHUSDT,SELL,2963.72,0.237
1715247434198,1715247434121424000,BINANCE,ETHUSDT,BUY,2963.73,0.198
1715247434198,1715247434121442000,BINANCE,ETHUSDT,BUY,2963.76,0.015
1715247434198,1715247434129424000,BINANCE,ETHUSDT,BUY,2963.8,0.015
1715247434204,1715247434129448000,BINANCE,ETHUSDT,BUY,2963.84,0.015
1715247434204,1715247434129466000,BINANCE,ETHUSDT,BUY,2963.85,0.05
1715247434204,1715247434129485000,BINANCE,ETHUSDT,BUY,2963.86,0.01
1715247434204,1715247434129503000,BINANCE,ETHUSDT,BUY,2963.87,0.033
1715247434204,1715247434129521000,BINANCE,ETHUSDT,BUY,2963.88,0.015
1715247434204,1715247434129540000,BINANCE,ETHUSDT,BUY,2963.89,0.007
1715247434204,1715247434129558000,BINANCE,ETHUSDT,BUY,2963.92,0.015
1715247434204,1715247434211456000,BINANCE,ETHUSDT,BUY,2963.96,0.01
1715247434286,1715247434276830000,BINANCE,ETHUSDT,SELL,2963.95,8.348
1715247434352,1715247434286093000,BINANCE,ETHUSDT,BUY,2963.96,2.003
1715247434362,1715247434286142000,BINANCE,ETHUSDT,BUY,2963.99,0.057
1715247434362,1715247434286583000,BINANCE,ETHUSDT,BUY,2964,0.029
1715247434362,1715247434286623000,BINANCE,ETHUSDT,BUY,2964.01,0.007
1715247434362,1715247434286660000,BINANCE,ETHUSDT,BUY,2964.02,0.011
1715247434362,1715247434303057000,BINANCE,ETHUSDT,BUY,2964.04,0.015
1715247434379,1715247434337879000,BINANCE,ETHUSDT,BUY,2964.08,0.265
1715247434415,1715247434490706000,BINANCE,ETHUSDT,SELL,2964.07,3.259
1715247434607,1715247434660800000,BINANCE,ETHUSDT,SELL,2964.07,0.019
1715247434737,1715247434677425000,BINANCE,ETHUSDT,SELL,2964.07,0.128
1715247434749,1715247434807660000,BINANCE,ETHUSDT,BUY,2964.08,0.113
1715247434883,1715247434890113000,BINANCE,ETHUSDT,BUY,2964.08,0.325
1715247434966,1715247434913351000,BINANCE,ETHUSDT,SELL,2964.07,0.02
1715247434990,1715247434943009000,BINANCE,ETHUSDT,BUY,2964.08,0.172
1715247435019,1715247434987016000,BINANCE,ETHUSDT,SELL,2964.07,0.038
1715247435060,1715247435060299000,BINANCE,ETHUSDT,BUY,2964.08,0.417
1715247435136,1715247435212613000,BINANCE,ETHUSDT,SELL,2964.07,1.645
1715247435320,1715247435319897000,BINANCE,ETHUSDT,BUY,2964.08,3.057
1715247435396,1715247435322842000,BINANCE,ETHUSDT,SELL,2964.07,0.008
1715247435398,1715247435336950000,BINANCE,ETHUSDT,BUY,2964.08,2.485
1715247435412,1715247435337050000,BINANCE,ETHUSDT,SELL,2964.09,2
1715247435412,1715247435442937000,BINANCE,ETHUSDT,BUY,2964.1,0.678
1715247435519,1715247435546975000,BINANCE,ETHUSDT,SELL,2964.09,0.219
1715247435621,1715247435578297000,BINANCE,ETHUSDT,BUY,2964.1,0.025
1715247435653,1715247435676890000,BINANCE,ETHUSDT,SELL,2964.09,0.594
1715247435753,1715247435760112000,BINANCE,ETHUSDT,BUY,2964.1,2.338
1715247435835,1715247435830063000,BINANCE,ETHUSDT,SELL,2964.09,0.106
1715247435905,1715247435830093000,BINANCE,ETHUSDT,BUY,2964.1,1.342
1715247435905,1715247435830117000,BINANCE,ETHUSDT,BUY,2964.12,0.015
1715247435905,1715247435830141000,BINANCE,ETHUSDT,BUY,2964.16,0.029
1715247435905,1715247435830165000,BINANCE,ETHUSDT,BUY,2964.19,0.009
1715247435905,1715247435830189000,BINANCE,ETHUSDT,BUY,2964.2,0.015
1715247435907,1715247435831788000,BINANCE,ETHUSDT,BUY,2964.21,0.03
1715247435907,1715247435831815000,BINANCE,ETHUSDT,BUY,2964.22,0.544
1715247435907,1715247435837326000,BINANCE,ETHUSDT,BUY,2964.24,0.015
1715247435913,1715247435837354000,BINANCE,ETHUSDT,BUY,2964.25,0.016
1715247435913,1715247435837378000,BINANCE,ETHUSDT,BUY,2964.26,0.009
1715247435913,1715247435837402000,BINANCE,ETHUSDT,BUY,2964.27,0.007
1715247435913,1715247435848553000,BINANCE,ETHUSDT,BUY,2964.28,0.023
1715247435924,1715247435848581000,BINANCE,ETHUSDT,BUY,2964.32,0.034
1715247435924,1715247435848604000,BINANCE,ETHUSDT,BUY,2964.35,0.057
1715247435924,1715247435848628000,BINANCE,ETHUSDT,BUY,2964.36,0.015
1715247435924,1715247435895023000,BINANCE,ETHUSDT,BUY,2964.37,0.079
1715247435968,1715247435934708000,BINANCE,ETHUSDT,SELL,2964.36,32.45
1715247436006,1715247435934740000,BINANCE,ETHUSDT,SELL,2964.28,0.08
1715247436006,1715247435934770000,BINANCE,ETHUSDT,SELL,2964.24,0.846
1715247436006,1715247435935958000,BINANCE,ETHUSDT,SELL,2964.22,0.032
1715247436008,1715247435935989000,BINANCE,ETHUSDT,SELL,2964.17,1.253
1715247436008,1715247435936017000,BINANCE,ETHUSDT,SELL,2964.15,2.333
1715247436008,1715247435936044000,BINANCE,ETHUSDT,SELL,2964.1,0.64
1715247436008,1715247435937224000,BINANCE,ETHUSDT,SELL,2964.09,3.031
1715247436009,1715247435937255000,BINANCE,ETHUSDT,SELL,2964.08,0.136
1715247436010,1715247435946477000,BINANCE,ETHUSDT,SELL,2964.07,0.496
1715247436019,1715247435954437000,BINANCE,ETHUSDT,SELL,2964.02,0.273
1715247436028,1715247435954464000,BINANCE,ETHUSDT,SELL,2964,0.18
1715247436028,1715247435954488000,BINANCE,ETHUSDT,SELL,2963.99,0.007
1715247436028,1715247435954513000,BINANCE,ETHUSDT,SELL,2963.98,0.831
1715247436028,1715247435954537000,BINANCE,ETHUSDT,SELL,2963.97,1.502
1715247436028,1715247435954561000,BINANCE,ETHUSDT,SELL,2963.96,0.033
1715247436028,1715247435972142000,BINANCE,ETHUSDT,SELL,2963.95,2.647
1715247436047,1715247436074113000,BINANCE,ETHUSDT,SELL,2963.94,0.225
1715247436149,1715247436081085000,BINANCE,ETHUSDT,SELL,2963.9,0.146
1715247436154,1715247436107048000,BINANCE,ETHUSDT,BUY,2963.91,15.266
1715247436180,1715247436107117000,BINANCE,ETHUSDT,BUY,2963.94,0.022
1715247436181,1715247436128435000,BINANCE,ETHUSDT,BUY,2963.96,0.01
1715247436203,1715247436171210000,BINANCE,ETHUSDT,SELL,2963.95,0.3
1715247436248,1715247436175000000,BINANCE,ETHUSDT,BUY,2963.96,0.026
1715247436250,1715247436237134000,BINANCE,ETHUSDT,SELL,2963.95,0.132
1715247436311,1715247436360509000,BINANCE,ETHUSDT,BUY,2963.96,13.256
1715247436430,1715247436360606000,BINANCE,ETHUSDT,SELL,2963.95,18.079
1715247436430,1715247436360684000,BINANCE,ETHUSDT,SELL,2963.93,6
1715247436430,1715247436360762000,BINANCE,ETHUSDT,SELL,2963.91,10.476
1715247436430,1715247436360840000,BINANCE,ETHUSDT,SELL,2963.9,18.144
1715247436430,1715247436360918000,BINANCE,ETHUSDT,SELL,2963.88,4.689
1715247436430,1715247436360996000,BINANCE,ETHUSDT,SELL,2963.84,0.073
1715247436430,1715247436361073000,BINANCE,ETHUSDT,SELL,2963.83,1.948
1715247436430,1715247436361151000,BINANCE,ETHUSDT,SELL,2963.81,3.024
1715247436430,1715247436361229000,BINANCE,ETHUSDT,SELL,2963.8,1.544
1715247436430,1715247436361307000,BINANCE,ETHUSDT,SELL,2963.76,0.256
1715247436430,1715247436361403000,BINANCE,ETHUSDT,SELL,2963.75,6.676
1715247436430,1715247436361480000,BINANCE,ETHUSDT,SELL,2963.72,0.683
1715247436430,1715247436361557000,BINANCE,ETHUSDT,SELL,2963.69,4.049
1715247436430,1715247436361637000,BINANCE,ETHUSDT,SELL,2963.68,0.007
1715247436430,1715247436361733000,BINANCE,ETHUSDT,SELL,2963.67,0.163
1715247436430,1715247436361824000,BINANCE,ETHUSDT,SELL,2963.66,0.007
1715247436430,1715247436361902000,BINANCE,ETHUSDT,SELL,2963.64,4.171
1715247436430,1715247436361988000,BINANCE,ETHUSDT,SELL,2963.62,0.328
1715247436430,1715247436362066000,BINANCE,ETHUSDT,SELL,2963.61,3.6
1715247436430,1715247436362143000,BINANCE,ETHUSDT,SELL,2963.6,2.222
1715247436430,1715247436362219000,BINANCE,ETHUSDT,SELL,2963.59,10.091
1715247436430,1715247436362330000,BINANCE,ETHUSDT,SELL,2963.58,6.674
1715247436430,1715247436362412000,BINANCE,ETHUSDT,SELL,2963.57,0.06
1715247436430,1715247436362533000,BINANCE,ETHUSDT,SELL,2963.56,0.015
1715247436430,1715247436362621000,BINANCE,ETHUSDT,SELL,2963.54,3.943
1715247436430,1715247436362680000,BINANCE,ETHUSDT,SELL,2963.52,0.702
1715247436430,1715247436362746000,BINANCE,ETHUSDT,SELL,2963.5,0.091
1715247436430,1715247436362802000,BINANCE,ETHUSDT,SELL,2963.49,0.208
1715247436430,1715247436362867000,BINANCE,ETHUSDT,SELL,2963.48,1.029
1715247436430,1715247436362923000,BINANCE,ETHUSDT,SELL,2963.47,3.586
1715247436430,1715247436362980000,BINANCE,ETHUSDT,SELL,2963.46,12.625
1715247436430,1715247436366580000,BINANCE,ETHUSDT,SELL,2963.45,2.271
1715247436443,1715247436386125000,BINANCE,ETHUSDT,SELL,2963.5,0.134
1715247436461,1715247436386194000,BINANCE,ETHUSDT,BUY,2963.68,0.007
1715247436461,1715247436490470000,BINANCE,ETHUSDT,BUY,2963.69,0.249
1715247436563,1715247436537984000,BINANCE,ETHUSDT,SELL,2963.67,6.893
1715247436613,1715247436569413000,BINANCE,ETHUSDT,BUY,2963.68,11.121
1715247436644,1715247436675090000,BINANCE,ETHUSDT,SELL,2963.67,0.578
1715247436750,1715247436815705000,BINANCE,ETHUSDT,SELL,2963.67,4.492
1715247436891,1715247436860572000,BINANCE,ETHUSDT,BUY,2963.68,0.2
1715247436937,1715247436876933000,BINANCE,ETHUSDT,SELL,2963.67,0.269
1715247436951,1715247436882915000,BINANCE,ETHUSDT,BUY,2963.68,0.1
1715247436960,1715247437033343000,BINANCE,ETHUSDT,SELL,2963.67,0.034
1715247437137,1715247437078396000,BINANCE,ETHUSDT,BUY,2963.68,3.058
1715247437155,1715247437219877000,BINANCE,ETHUSDT,SELL,2963.67,4.878
1715247437296,1715247437332126000,BINANCE,ETHUSDT,BUY,2963.68,0.216
1715247437408,1715247437398471000,BINANCE,ETHUSDT,SELL,2963.67,15.699
1715247437474,1715247437500473000,BINANCE,ETHUSDT,BUY,2963.68,0.386
1715247437579,1715247437623987000,BINANCE,ETHUSDT,SELL,2963.67,1.529
1715247437700,1715247437640618000,BINANCE,ETHUSDT,BUY,2963.68,0.2
1715247437717,1715247437690109000,BINANCE,ETHUSDT,SELL,2963.67,2.501
1715247437767,1715247437841151000,BINANCE,ETHUSDT,BUY,2963.68,2
1715247438003,1715247437946565000,BINANCE,ETHUSDT,SELL,2963.67,0.291
1715247438022,1715247438075134000,BINANCE,ETHUSDT,BUY,2963.68,0.417
1715247438150,1715247438188332000,BINANCE,ETHUSDT,SELL,2963.67,1.672
1715247438265,1715247438255842000,BINANCE,ETHUSDT,SELL,2963.67,2.556
1715247438331,1715247438274083000,BINANCE,ETHUSDT,BUY,2963.68,0.123
1715247438348,1715247438279622000,BINANCE,ETHUSDT,SELL,2963.67,16.407
1715247438356,1715247438279649000,BINANCE,ETHUSDT,SELL,2963.62,0.014
1715247438356,1715247438285342000,BINANCE,ETHUSDT,SELL,2963.61,6.235
1715247438361,1715247438318942000,BINANCE,ETHUSDT,SELL,2963.57,1.099
1715247438394,1715247438318974000,BINANCE,ETHUSDT,BUY,2963.53,0.606
1715247438394,1715247438343828000,BINANCE,ETHUSDT,SELL,2963.52,0.026
1715247438417,1715247438343862000,BINANCE,ETHUSDT,SELL,2963.46,2.99
1715247438417,1715247438369204000,BINANCE,ETHUSDT,SELL,2963.44,2.038
1715247438444,1715247438369241000,BINANCE,ETHUSDT,SELL,2963.43,0.016
1715247438444,1715247438369269000,BINANCE,ETHUSDT,SELL,2963.4,0.015
1715247438444,1715247438369297000,BINANCE,ETHUSDT,SELL,2963.39,0.007
1715247438444,1715247438369324000,BINANCE,ETHUSDT,SELL,2963.38,0.007
1715247438444,1715247438370971000,BINANCE,ETHUSDT,SELL,2963.36,0.108
1715247438447,1715247438395325000,BINANCE,ETHUSDT,BUY,2963.37,0.843
1715247438471,1715247438401402000,BINANCE,ETHUSDT,SELL,2963.36,0.559
1715247438477,1715247438452862000,BINANCE,ETHUSDT,BUY,2963.37,0.051
1715247438528,1715247438507273000,BINANCE,ETHUSDT,SELL,2963.36,2.218
1715247438585,1715247438524380000,BINANCE,ETHUSDT,BUY,2963.37,1.173
1715247438602,1715247438525956000,BINANCE,ETHUSDT,SELL,2963.36,1.163
1715247438602,1715247438588812000,BINANCE,ETHUSDT,SELL,2963.32,0.992
1715247438665,1715247438588843000,BINANCE,ETHUSDT,SELL,2963.3,0.09
1715247438665,1715247438678311000,BINANCE,ETHUSDT,SELL,2963.29,1.183
1715247438751,1715247438684728000,BINANCE,ETHUSDT,SELL,2963.28,0.251
1715247438758,1715247438691422000,BINANCE,ETHUSDT,SELL,2963.24,0.015
1715247438767,1715247438691522000,BINANCE,ETHUSDT,SELL,2963.21,0.236
1715247438767,1715247438691600000,BINANCE,ETHUSDT,SELL,2963.2,0.028
1715247438767,1715247438742480000,BINANCE,ETHUSDT,SELL,2963.18,1.082
1715247438816,1715247438890722000,BINANCE,ETHUSDT,BUY,2963.19,1.841
1715247438987,1715247438933127000,BINANCE,ETHUSDT,SELL,2963.18,1.123
1715247439008,1715247439083078000,BINANCE,ETHUSDT,BUY,2963.19,11.517
1715247439208,1715247439282473000,BINANCE,ETHUSDT,SELL,2963.18,1.342
1715247439400,1715247439474649000,BINANCE,ETHUSDT,BUY,2963.19,25
1715247439638,1715247439680622000,BINANCE,ETHUSDT,SELL,2963.18,0.066
1715247439757,1715247439720259000,BINANCE,ETHUSDT,BUY,2963.19,1.596
1715247439798,1715247439790341000,BINANCE,ETHUSDT,SELL,2963.18,12.191
1715247439865,1715247439890949000,BINANCE,ETHUSDT,SELL,2963.16,0.175
1715247439965,1715247439900216000,BINANCE,ETHUSDT,BUY,2963.17,1.156
1715247439973,1715247439996604000,BINANCE,ETHUSDT,SELL,2963.16,0.324
1715247440075,1715247439999494000,BINANCE,ETHUSDT,SELL,2963.16,1.105
1715247440075,1715247439999541000,BINANCE,ETHUSDT,SELL,2963.15,0.011
1715247440075,1715247439999578000,BINANCE,ETHUSDT,SELL,2963.12,0.015
1715247440075,1715247439999615000,BINANCE,ETHUSDT,SELL,2963.1,1.368
1715247440075,1715247439999651000,BINANCE,ETHUSDT,SELL,2963.08,0.015
1715247440075,1715247439999688000,BINANCE,ETHUSDT,SELL,2963.06,0.008
1715247440075,1715247439999725000,BINANCE,ETHUSDT,SELL,2963.04,0.022
1715247440075,1715247439999762000,BINANCE,ETHUSDT,SELL,2963.02,1.817
1715247440075,1715247439999798000,BINANCE,ETHUSDT,SELL,2963.01,4.205
1715247440075,1715247439999835000,BINANCE,ETHUSDT,SELL,2963,0.038
1715247440075,1715247439999881000,BINANCE,ETHUSDT,SELL,2962.99,0.06
1715247440075,1715247439999918000,BINANCE,ETHUSDT,SELL,2962.98,0.007
1715247440075,1715247439999964000,BINANCE,ETHUSDT,SELL,2962.96,0.015
1715247440075,1715247440000001000,BINANCE,ETHUSDT,SELL,2962.94,1.849
1715247440075,1715247440000037000,BINANCE,ETHUSDT,SELL,2962.93,4.067
1715247440075,1715247440000074000,BINANCE,ETHUSDT,SELL,2962.92,6.471
1715247440075,1715247440000119000,BINANCE,ETHUSDT,SELL,2962.91,0.395
1715247440075,1715247440000156000,BINANCE,ETHUSDT,SELL,2962.9,0.017
1715247440075,1715247440000193000,BINANCE,ETHUSDT,SELL,2962.88,0.945
1715247440075,1715247440000237000,BINANCE,ETHUSDT,SELL,2962.87,0.515
1715247440075,1715247440051404000,BINANCE,ETHUSDT,SELL,2962.86,0.19
1715247440126,1715247440068923000,BINANCE,ETHUSDT,BUY,2962.87,0.154
1715247440143,1715247440113361000,BINANCE,ETHUSDT,SELL,2962.86,27.457
1715247440188,1715247440209547000,BINANCE,ETHUSDT,BUY,2962.87,0.453
1715247440285,1715247440339740000,BINANCE,ETHUSDT,SELL,2962.86,0.032
1715247440416,1715247440461506000,BINANCE,ETHUSDT,BUY,2962.87,0.499
1715247440538,1715247440537235000,BINANCE,ETHUSDT,SELL,2962.86,2.741
1715247440612,1715247440649961000,BINANCE,ETHUSDT,BUY,2962.87,10.958
1715247440727,1715247440656155000,BINANCE,ETHUSDT,SELL,2962.86,0.236
1715247440732,1715247440744324000,BINANCE,ETHUSDT,BUY,2962.87,0.362
1715247440817,1715247440790175000,BINANCE,ETHUSDT,SELL,2962.86,27.933
1715247440865,1715247440790263000,BINANCE,ETHUSDT,SELL,2962.84,0.015
1715247440865,1715247440790310000,BINANCE,ETHUSDT,SELL,2962.8,1.541
1715247440865,1715247440790373000,BINANCE,ETHUSDT,SELL,2962.79,0.507
1715247440865,1715247440790420000,BINANCE,ETHUSDT,SELL,2962.77,0.007
1715247440865,1715247440790465000,BINANCE,ETHUSDT,SELL,2962.76,0.688
1715247440865,1715247440790541000,BINANCE,ETHUSDT,SELL,2962.74,0.007
1715247440865,1715247440790590000,BINANCE,ETHUSDT,SELL,2962.73,10.066
1715247440865,1715247440790642000,BINANCE,ETHUSDT,SELL,2962.72,2.214
1715247440865,1715247440817641000,BINANCE,ETHUSDT,SELL,2962.71,5.022
1715247440893,1715247440913675000,BINANCE,ETHUSDT,BUY,2962.72,0.319
1715247440989,1715247440913705000,BINANCE,ETHUSDT,BUY,2962.77,0.007
1715247440989,1715247440913729000,BINANCE,ETHUSDT,BUY,2962.82,0.01
1715247440989,1715247440997872000,BINANCE,ETHUSDT,BUY,2962.84,3.203
1715247441069,1715247440997898000,BINANCE,ETHUSDT,BUY,2962.85,10.347
1715247441069,1715247441013910000,BINANCE,ETHUSDT,BUY,2962.86,1.314
1715247441088,1715247441014940000,BINANCE,ETHUSDT,BUY,2962.87,0.63
1715247441091,1715247441052943000,BINANCE,ETHUSDT,BUY,2962.88,0.022
1715247441130,1715247441204173000,BINANCE,ETHUSDT,BUY,2962.9,0.449
1715247441337,1715247441261105000,BINANCE,ETHUSDT,BUY,2962.9,0.212
1715247441337,1715247441261148000,BINANCE,ETHUSDT,BUY,2962.92,0.015
1715247441337,1715247441261182000,BINANCE,ETHUSDT,BUY,2962.96,0.015
1715247441337,1715247441261215000,BINANCE,ETHUSDT,BUY,2962.97,0.01
1715247441337,1715247441261249000,BINANCE,ETHUSDT,BUY,2962.98,0.014
1715247441337,1715247441278363000,BINANCE,ETHUSDT,BUY,2962.99,1.966
1715247441354,1715247441292698000,BINANCE,ETHUSDT,BUY,2963,0.345
1715247441369,1715247441294039000,BINANCE,ETHUSDT,BUY,2963.03,0.015
1715247441369,1715247441294122000,BINANCE,ETHUSDT,BUY,2963.04,0.022
1715247441369,1715247441294204000,BINANCE,ETHUSDT,BUY,2963.08,0.015
1715247441369,1715247441294266000,BINANCE,ETHUSDT,BUY,2963.11,0.007
1715247441369,1715247441294323000,BINANCE,ETHUSDT,BUY,2963.12,0.025
1715247441369,1715247441426545000,BINANCE,ETHUSDT,BUY,2963.14,0.033
1715247441501,1715247441457040000,BINANCE,ETHUSDT,BUY,2963.16,5.178
1715247441533,1715247441457132000,BINANCE,ETHUSDT,SELL,2963.15,0.429
1715247441534,1715247441506592000,BINANCE,ETHUSDT,BUY,2963.16,0.316
1715247441581,1715247441510915000,BINANCE,ETHUSDT,SELL,2963.15,1
1715247441586,1715247441510965000,BINANCE,ETHUSDT,BUY,2963.16,0.021
1715247441586,1715247441518731000,BINANCE,ETHUSDT,BUY,2963.18,0.124
1715247441593,1715247441520099000,BINANCE,ETHUSDT,BUY,2963.19,0.042
1715247441594,1715247441535792000,BINANCE,ETHUSDT,BUY,2963.2,0.203
1715247441610,1715247441535842000,BINANCE,ETHUSDT,BUY,2963.24,0.015
1715247441610,1715247441535885000,BINANCE,ETHUSDT,BUY,2963.25,0.109
1715247441610,1715247441535928000,BINANCE,ETHUSDT,BUY,2963.27,0.007
1715247441610,1715247441574718000,BINANCE,ETHUSDT,BUY,2963.28,0.214
1715247441651,1715247441591347000,BINANCE,ETHUSDT,SELL,2963.27,0.06
1715247441666,1715247441650881000,BINANCE,ETHUSDT,BUY,2963.28,0.229
1715247441728,1715247441657362000,BINANCE,ETHUSDT,SELL,2963.27,16.921
1715247441733,1715247441761878000,BINANCE,ETHUSDT,BUY,2963.28,1.808
1715247441839,1715247441872468000,BINANCE,ETHUSDT,BUY,2963.28,0.432
1715247441948,1715247441912078000,BINANCE,ETHUSDT,BUY,2963.28,0.735
1715247441987,1715247441962211000,BINANCE,ETHUSDT,SELL,2963.27,0.037
1715247442037,1715247442112695000,BINANCE,ETHUSDT,BUY,2963.28,13.96
1715247442189,1715247442144688000,BINANCE,ETHUSDT,BUY,2963.28,1.001
1715247442219,1715247442145743000,BINANCE,ETHUSDT,SELL,2963.27,0.049
1715247442221,1715247442258082000,BINANCE,ETHUSDT,BUY,2963.28,0.214
1715247442333,1715247442268320000,BINANCE,ETHUSDT,SELL,2963.27,0.033
1715247442343,1715247442419004000,BINANCE,ETHUSDT,BUY,2963.28,1.259
1715247442501,1715247442459899000,BINANCE,ETHUSDT,SELL,2963.27,0.016
1715247442531,1715247442466781000,BINANCE,ETHUSDT,BUY,2963.28,0.206
1715247442543,1715247442473660000,BINANCE,ETHUSDT,SELL,2963.27,0.076
1715247442548,1715247442548287000,BINANCE,ETHUSDT,BUY,2963.28,0.475
1715247442625,1715247442685184000,BINANCE,ETHUSDT,SELL,2963.27,0.84
1715247442760,1715247442725610000,BINANCE,ETHUSDT,SELL,2963.27,0.719
1715247442800,1715247442857152000,BINANCE,ETHUSDT,BUY,2963.28,0.788
1715247442931,1715247442868323000,BINANCE,ETHUSDT,SELL,2963.27,0.353
1715247442942,1715247442869530000,BINANCE,ETHUSDT,BUY,2963.28,20.405
1715247442944,1715247442874113000,BINANCE,ETHUSDT,BUY,2963.31,1.135
1715247442944,1715247442874210000,BINANCE,ETHUSDT,BUY,2963.32,1.256
1715247442944,1715247442874289000,BINANCE,ETHUSDT,BUY,2963.33,3.206
1715247442944,1715247442874367000,BINANCE,ETHUSDT,BUY,2963.36,0.695
1715247442944,1715247442874446000,BINANCE,ETHUSDT,BUY,2963.37,0.05
1715247442944,1715247442874537000,BINANCE,ETHUSDT,BUY,2963.38,0.007
1715247442944,1715247442874615000,BINANCE,ETHUSDT,BUY,2963.4,2.887
1715247442944,1715247442874695000,BINANCE,ETHUSDT,BUY,2963.41,0.007
1715247442944,1715247442874772000,BINANCE,ETHUSDT,BUY,2963.42,18.048
1715247442944,1715247442874852000,BINANCE,ETHUSDT,BUY,2963.44,0.015
1715247442944,1715247442874930000,BINANCE,ETHUSDT,BUY,2963.45,0.007
1715247442944,1715247442875020000,BINANCE,ETHUSDT,BUY,2963.46,0.017
1715247442944,1715247442875107000,BINANCE,ETHUSDT,BUY,2963.47,0.421
1715247442944,1715247442875236000,BINANCE,ETHUSDT,BUY,2963.48,0.688
1715247442944,1715247442875319000,BINANCE,ETHUSDT,BUY,2963.49,3.998
1715247442944,1715247442875402000,BINANCE,ETHUSDT,BUY,2963.5,0.984
1715247442944,1715247442875485000,BINANCE,ETHUSDT,BUY,2963.51,2.719
1715247442944,1715247442875564000,BINANCE,ETHUSDT,BUY,2963.52,0.742
1715247442944,1715247442875648000,BINANCE,ETHUSDT,BUY,2963.53,2.707
1715247442944,1715247442875736000,BINANCE,ETHUSDT,BUY,2963.54,2.713
1715247442944,1715247442875812000,BINANCE,ETHUSDT,BUY,2963.55,11.448
1715247442944,1715247442875890000,BINANCE,ETHUSDT,BUY,2963.56,6.104
1715247442944,1715247442875968000,BINANCE,ETHUSDT,BUY,2963.57,9.458
1715247442944,1715247442978076000,BINANCE,ETHUSDT,BUY,2963.58,10.963
1715247443054,1715247443128895000,BINANCE,ETHUSDT,BUY,2963.58,0.062
1715247443250,1715247443237867000,BINANCE,ETHUSDT,SELL,2963.57,0.169
1715247443315,1715247443389918000,BINANCE,ETHUSDT,BUY,2963.58,0.827
1715247443498,1715247443499148000,BINANCE,ETHUSDT,BUY,2963.58,0.632
1715247443575,1715247443624942000,BINANCE,ETHUSDT,SELL,2963.57,0.714
1715247443701,1715247443756232000,BINANCE,ETHUSDT,BUY,2963.58,0.005
1715247443832,1715247443906489000,BINANCE,ETHUSDT,BUY,2963.58,0.139
1715247444074,1715247444053916000,BINANCE,ETHUSDT,SELL,2963.57,0.067
1715247444130,1715247444104996000,BINANCE,ETHUSDT,BUY,2963.58,0.281
1715247444180,1715247444108305000,BINANCE,ETHUSDT,SELL,2963.57,0.5
1715247444184,1715247444235030000,BINANCE,ETHUSDT,BUY,2963.58,0.056
1715247444311,1715247444301681000,BINANCE,ETHUSDT,SELL,2963.57,0.019
1715247444376,1715247444321923000,BINANCE,ETHUSDT,BUY,2963.58,2.75
1715247444395,1715247444472429000,BINANCE,ETHUSDT,SELL,2963.57,0.017
1715247444696,1715247444772357000,BINANCE,ETHUSDT,SELL,2963.57,0.806
1715247445051,1715247444976788000,BINANCE,ETHUSDT,BUY,2963.58,5.797
1715247445052,1715247444976827000,BINANCE,ETHUSDT,BUY,2963.59,0.375
1715247445052,1715247444978146000,BINANCE,ETHUSDT,BUY,2963.6,1.134
1715247445053,1715247444978178000,BINANCE,ETHUSDT,BUY,2963.64,0.015
1715247445053,1715247444978227000,BINANCE,ETHUSDT,BUY,2963.66,0.014
1715247445053,1715247444978266000,BINANCE,ETHUSDT,BUY,2963.67,0.245
1715247445053,1715247444978295000,BINANCE,ETHUSDT,BUY,2963.68,0.049
1715247445053,1715247444978323000,BINANCE,ETHUSDT,BUY,2963.69,0.057
1715247445053,1715247444978535000,BINANCE,ETHUSDT,BUY,2963.71,2.405
1715247445054,1715247445086270000,BINANCE,ETHUSDT,BUY,2963.72,2.608
1715247445161,1715247445094540000,BINANCE,ETHUSDT,BUY,2963.72,0.025
1715247445170,1715247445100136000,BINANCE,ETHUSDT,SELL,2963.71,3.293
1715247445175,1715247445166588000,BINANCE,ETHUSDT,BUY,2963.72,2.041
1715247445242,1715247445182951000,BINANCE,ETHUSDT,SELL,2963.71,3
1715247445258,1715247445333657000,BINANCE,ETHUSDT,BUY,2963.72,0.009
1715247445511,1715247445454938000,BINANCE,ETHUSDT,SELL,2963.71,1.154
1715247445530,1715247445585201000,BINANCE,ETHUSDT,BUY,2963.72,0.043
1715247445660,1715247445698917000,BINANCE,ETHUSDT,SELL,2963.71,0.892
1715247445774,1715247445728832000,BINANCE,ETHUSDT,BUY,2963.72,1.266
1715247445802,1715247445786365000,BINANCE,ETHUSDT,SELL,2963.71,0.562
1715247445861,1715247445800333000,BINANCE,ETHUSDT,BUY,2963.72,2.529
1715247445876,1715247445800388000,BINANCE,ETHUSDT,BUY,2963.74,0.007
1715247445876,1715247445803972000,BINANCE,ETHUSDT,BUY,2963.76,0.351
1715247445879,1715247445805926000,BINANCE,ETHUSDT,BUY,2963.77,0.008
1715247445882,1715247445807392000,BINANCE,ETHUSDT,BUY,2963.8,0.023
1715247445882,1715247445807424000,BINANCE,ETHUSDT,BUY,2963.84,0.029
1715247445882,1715247445958607000,BINANCE,ETHUSDT,BUY,2963.85,0.007
1715247446094,1715247446160227000,BINANCE,ETHUSDT,BUY,2963.86,0.211
1715247446236,1715247446243041000,BINANCE,ETHUSDT,SELL,2963.85,5.862
1715247446317,1715247446391304000,BINANCE,ETHUSDT,BUY,2963.86,11.402
1715247446465,1715247446508219000,BINANCE,ETHUSDT,BUY,2963.86,1.002
1715247446582,1715247446514995000,BINANCE,ETHUSDT,SELL,2963.85,0.105
1715247446589,1715247446630600000,BINANCE,ETHUSDT,BUY,2963.86,0.27
1715247446708,1715247446781658000,BINANCE,ETHUSDT,SELL,2963.85,0.046
1715247446927,1715247446950339000,BINANCE,ETHUSDT,BUY,2963.86,2.483
1715247447024,1715247447007099000,BINANCE,ETHUSDT,SELL,2963.85,17.07
1715247447082,1715247447007128000,BINANCE,ETHUSDT,SELL,2963.81,0.276
1715247447082,1715247447007152000,BINANCE,ETHUSDT,SELL,2963.79,1.151
1715247447082,1715247447007176000,BINANCE,ETHUSDT,SELL,2963.75,2
1715247447082,1715247447076961000,BINANCE,ETHUSDT,SELL,2963.73,0.317
1715247447151,1715247447158043000,BINANCE,ETHUSDT,BUY,2963.73,0.321
1715247447232,1715247447224156000,BINANCE,ETHUSDT,SELL,2963.72,1
1715247447299,1715247447317714000,BINANCE,ETHUSDT,BUY,2963.73,3.455
1715247447393,1715247447317814000,BINANCE,ETHUSDT,SELL,2963.72,0.811
1715247447394,1715247447317894000,BINANCE,ETHUSDT,SELL,2963.71,7.257
1715247447394,1715247447319297000,BINANCE,ETHUSDT,SELL,2963.68,0.199
1715247447395,1715247447319387000,BINANCE,ETHUSDT,SELL,2963.67,1.694
1715247447395,1715247447319465000,BINANCE,ETHUSDT,SELL,2963.58,0.06
1715247447395,1715247447400858000,BINANCE,ETHUSDT,SELL,2963.57,2.246
1715247447475,1715247447550221000,BINANCE,ETHUSDT,BUY,2963.58,2.112
1715247447624,1715247447699545000,BINANCE,ETHUSDT,BUY,2963.58,1.541
1715247447913,1715247447970243000,BINANCE,ETHUSDT,BUY,2963.58,1.396
1715247448044,1715247448119701000,BINANCE,ETHUSDT,BUY,2963.58,0.085
1715247448210,1715247448290889000,BINANCE,ETHUSDT,BUY,2963.58,0.06
1715247448409,1715247448414202000,BINANCE,ETHUSDT,BUY,2963.58,3
1715247448491,1715247448427336000,BINANCE,ETHUSDT,SELL,2963.57,17.228
1715247448502,1715247448427369000,BINANCE,ETHUSDT,SELL,2963.52,0.007
1715247448502,1715247448427397000,BINANCE,ETHUSDT,SELL,2963.51,0.008
1715247448502,1715247448427425000,BINANCE,ETHUSDT,SELL,2963.5,0.1
1715247448502,1715247448427453000,BINANCE,ETHUSDT,SELL,2963.46,1.226
1715247448502,1715247448427481000,BINANCE,ETHUSDT,SELL,2963.43,0.25
1715247448502,1715247448434398000,BINANCE,ETHUSDT,SELL,2963.42,1.597
1715247448509,1715247448434429000,BINANCE,ETHUSDT,BUY,2963.39,0.058
1715247448509,1715247448434457000,BINANCE,ETHUSDT,SELL,2963.38,0.007
1715247448509,1715247448434485000,BINANCE,ETHUSDT,SELL,2963.37,0.01
1715247448510,1715247448456919000,BINANCE,ETHUSDT,BUY,2963.38,0.665
1715247448532,1715247448463149000,BINANCE,ETHUSDT,SELL,2963.36,0.021
1715247448539,1715247448614609000,BINANCE,ETHUSDT,SELL,2963.34,0.143
1715247448696,1715247448766874000,BINANCE,ETHUSDT,SELL,2963.34,0.389
1715247448843,1715247448800769000,BINANCE,ETHUSDT,BUY,2963.35,0.337
1715247448873,1715247448800839000,BINANCE,ETHUSDT,SELL,2963.34,8.067
1715247448875,1715247448800901000,BINANCE,ETHUSDT,SELL,2963.3,0.29
1715247448875,1715247448800959000,BINANCE,ETHUSDT,SELL,2963.29,1.517
1715247448875,1715247448801016000,BINANCE,ETHUSDT,SELL,2963.28,1.782
1715247448876,1715247448802480000,BINANCE,ETHUSDT,BUY,2963.29,0.033
1715247448878,1715247448809064000,BINANCE,ETHUSDT,SELL,2963.28,5.397
1715247448885,1715247448809099000,BINANCE,ETHUSDT,SELL,2963.27,1.137
1715247448885,1715247448809127000,BINANCE,ETHUSDT,SELL,2963.24,0.507
1715247448885,1715247448809156000,BINANCE,ETHUSDT,SELL,2963.23,0.507
1715247448885,1715247448809184000,BINANCE,ETHUSDT,SELL,2963.2,0.018
1715247448885,1715247448809212000,BINANCE,ETHUSDT,SELL,2963.19,1.481
1715247448885,1715247448809240000,BINANCE,ETHUSDT,SELL,2963.18,0.364
1715247448885,1715247448809269000,BINANCE,ETHUSDT,SELL,2963.15,0.011
1715247448885,1715247448809297000,BINANCE,ETHUSDT,SELL,2963.13,4.191
1715247448885,1715247448809325000,BINANCE,ETHUSDT,SELL,2963.12,0.299
1715247448885,1715247448809353000,BINANCE,ETHUSDT,SELL,2963.11,0.675
1715247448885,1715247448809381000,BINANCE,ETHUSDT,SELL,2963.1,0.007
1715247448885,1715247448809410000,BINANCE,ETHUSDT,SELL,2963.09,1.712
1715247448885,1715247448809438000,BINANCE,ETHUSDT,SELL,2963.08,3.13
1715247448885,1715247448809466000,BINANCE,ETHUSDT,SELL,2963.05,6.665
1715247448885,1715247448809495000,BINANCE,ETHUSDT,SELL,2963.04,0.007
1715247448885,1715247448809523000,BINANCE,ETHUSDT,SELL,2963.02,2
1715247448885,1715247448809551000,BINANCE,ETHUSDT,SELL,2963.01,1.35
1715247448885,1715247448809580000,BINANCE,ETHUSDT,SELL,2963,0.068
1715247448885,1715247448809667000,BINANCE,ETHUSDT,SELL,2962.98,1.439
1715247448885,1715247448809700000,BINANCE,ETHUSDT,SELL,2962.97,0.1
1715247448885,1715247448809728000,BINANCE,ETHUSDT,SELL,2962.96,0.007
1715247448885,1715247448809756000,BINANCE,ETHUSDT,SELL,2962.95,0.04
1715247448885,1715247448809784000,BINANCE,ETHUSDT,SELL,2962.92,0.015
1715247448885,1715247448809811000,BINANCE,ETHUSDT,SELL,2962.91,0.337
1715247448885,1715247448809840000,BINANCE,ETHUSDT,SELL,2962.9,1.709
1715247448885,1715247448809882000,BINANCE,ETHUSDT,SELL,2962.89,4.4
1715247448885,1715247448810202000,BINANCE,ETHUSDT,SELL,2962.88,3.723
1715247448885,1715247448810233000,BINANCE,ETHUSDT,SELL,2962.87,0.827
1715247448885,1715247448810261000,BINANCE,ETHUSDT,SELL,2962.86,6.083
1715247448885,1715247448810289000,BINANCE,ETHUSDT,SELL,2962.85,0.507
1715247448885,1715247448825555000,BINANCE,ETHUSDT,SELL,2962.84,2.989
1715247448901,1715247448825599000,BINANCE,ETHUSDT,BUY,2962.84,7.719
1715247448901,1715247448880871000,BINANCE,ETHUSDT,BUY,2962.85,2.772
1715247448956,1715247448911587000,BINANCE,ETHUSDT,SELL,2962.84,0.247
1715247448986,1715247449011780000,BINANCE,ETHUSDT,BUY,2962.85,5.306
1715247449087,1715247449028388000,BINANCE,ETHUSDT,SELL,2962.84,2.202
1715247449104,1715247449178125000,BINANCE,ETHUSDT,BUY,2962.85,23.605
1715247449324,1715247449259987000,BINANCE,ETHUSDT,BUY,2962.85,8.434
1715247449335,1715247449286617000,BINANCE,ETHUSDT,SELL,2962.84,0.796
1715247449360,1715247449286646000,BINANCE,ETHUSDT,BUY,2962.85,4.579
1715247449361,1715247449286684000,BINANCE,ETHUSDT,BUY,2962.88,0.015
1715247449361,1715247449286710000,BINANCE,ETHUSDT,BUY,2962.92,0.015
1715247449362,1715247449301677000,BINANCE,ETHUSDT,BUY,2962.96,0.015
1715247449377,1715247449411658000,BINANCE,ETHUSDT,BUY,2962.98,0.008
1715247449488,1715247449411674000,BINANCE,ETHUSDT,BUY,2962.99,0.793
1715247449490,1715247449432535000,BINANCE,ETHUSDT,SELL,2962.98,10
1715247449508,1715247449524756000,BINANCE,ETHUSDT,BUY,2962.99,9.93
1715247449600,1715247449524778000,BINANCE,ETHUSDT,BUY,2963,0.015
1715247449600,1715247449529054000,BINANCE,ETHUSDT,BUY,2963.01,0.022
1715247449606,1715247449529071000,BINANCE,ETHUSDT,BUY,2963.04,0.022
1715247449606,1715247449529086000,BINANCE,ETHUSDT,BUY,2963.08,0.015
1715247449606,1715247449529101000,BINANCE,ETHUSDT,BUY,2963.09,0.007
1715247449606,1715247449641344000,BINANCE,ETHUSDT,BUY,2963.11,1.003
1715247449717,1715247449701523000,BINANCE,ETHUSDT,BUY,2963.11,7.734
1715247449776,1715247449793730000,BINANCE,ETHUSDT,SELL,2963.1,0.263
1715247449869,1715247449841575000,BINANCE,ETHUSDT,BUY,2963.11,1
1715247449917,1715247449885437000,BINANCE,ETHUSDT,SELL,2963.1,1.205
1715247449962,1715247450036974000,BINANCE,ETHUSDT,BUY,2963.11,10.78
1715247450230,1715247450193731000,BINANCE,ETHUSDT,BUY,2963.11,7.309
1715247450266,1715247450193837000,BINANCE,ETHUSDT,BUY,2963.12,0.015
1715247450266,1715247450193915000,BINANCE,ETHUSDT,BUY,2963.15,0.008
1715247450266,1715247450193993000,BINANCE,ETHUSDT,BUY,2963.16,0.015
1715247450266,1715247450194070000,BINANCE,ETHUSDT,BUY,2963.18,0.66
1715247450266,1715247450194161000,BINANCE,ETHUSDT,BUY,2963.19,0.673
1715247450266,1715247450194254000,BINANCE,ETHUSDT,BUY,2963.2,0.022
1715247450266,1715247450194332000,BINANCE,ETHUSDT,BUY,2963.23,0.673
1715247450266,1715247450194410000,BINANCE,ETHUSDT,BUY,2963.24,0.688
1715247450266,1715247450194488000,BINANCE,ETHUSDT,BUY,2963.25,0.007
1715247450266,1715247450194565000,BINANCE,ETHUSDT,BUY,2963.26,0.753
1715247450266,1715247450194643000,BINANCE,ETHUSDT,BUY,2963.27,0.69
1715247450266,1715247450194720000,BINANCE,ETHUSDT,BUY,2963.28,1.035
1715247450266,1715247450194798000,BINANCE,ETHUSDT,BUY,2963.29,2.337
1715247450266,1715247450194876000,BINANCE,ETHUSDT,BUY,2963.31,0.673
1715247450266,1715247450194954000,BINANCE,ETHUSDT,BUY,2963.32,0.022
1715247450266,1715247450195031000,BINANCE,ETHUSDT,BUY,2963.33,2.705
1715247450266,1715247450195128000,BINANCE,ETHUSDT,BUY,2963.34,6.631
1715247450266,1715247450195230000,BINANCE,ETHUSDT,BUY,2963.35,5.403
1715247450266,1715247450195307000,BINANCE,ETHUSDT,BUY,2963.36,5.42
1715247450266,1715247450195364000,BINANCE,ETHUSDT,BUY,2963.37,5.531
1715247450266,1715247450195420000,BINANCE,ETHUSDT,BUY,2963.38,8.756
1715247450266,1715247450342080000,BINANCE,ETHUSDT,BUY,2963.39,2.458
1715247450481,1715247450555684000,BINANCE,ETHUSDT,SELL,2963.38,0.276
1715247450672,1715247450746800000,BINANCE,ETHUSDT,SELL,2963.38,10.124
1715247450928,1715247451003393000,BINANCE,ETHUSDT,BUY,2963.39,0.247
1715247451188,1715247451126894000,BINANCE,ETHUSDT,BUY,2963.39,0.103
1715247451202,1715247451276702000,BINANCE,ETHUSDT,SELL,2963.38,0.278
1715247451476,1715247451511404000,BINANCE,ETHUSDT,BUY,2963.39,1.008
1715247451588,1715247451663007000,BINANCE,ETHUSDT,BUY,2963.39,0.136
1715247451812,1715247451742168000,BINANCE,ETHUSDT,SELL,2963.38,2.52
1715247451818,1715247451834662000,BINANCE,ETHUSDT,BUY,2963.39,0.012
1715247451911,1715247451834769000,BINANCE,ETHUSDT,SELL,2963.38,1.107
1715247451911,1715247451841424000,BINANCE,ETHUSDT,SELL,2963.24,0.245
1715247451917,1715247451841519000,BINANCE,ETHUSDT,SELL,2963.2,0.015
1715247451917,1715247451937071000,BINANCE,ETHUSDT,SELL,2963.13,0.026
1715247452012,1715247451937169000,BINANCE,ETHUSDT,BUY,2963.11,0.135
1715247452012,1715247451977823000,BINANCE,ETHUSDT,SELL,2963.1,0.01
1715247452053,1715247452120963000,BINANCE,ETHUSDT,BUY,2963.11,0.134
1715247452197,1715247452122229000,BINANCE,ETHUSDT,BUY,2963.11,10.632
1715247452200,1715247452151656000,BINANCE,ETHUSDT,SELL,2963.1,0.432
1715247452228,1715247452193324000,BINANCE,ETHUSDT,BUY,2963.11,0.212
1715247452269,1715247452343058000,BINANCE,ETHUSDT,SELL,2963.1,0.531
1715247452581,1715247452539686000,BINANCE,ETHUSDT,SELL,2963.1,0.284
1715247452616,1715247452544646000,BINANCE,ETHUSDT,BUY,2963.11,0.047
1715247452621,1715247452666184000,BINANCE,ETHUSDT,SELL,2963.1,0.069
1715247452743,1715247452679247000,BINANCE,ETHUSDT,SELL,2963.1,1.94
1715247452758,1715247452832125000,BINANCE,ETHUSDT,BUY,2963.11,0.279
1715247452927,1715247452951871000,BINANCE,ETHUSDT,BUY,2963.11,11.708
1715247453028,1715247452989279000,BINANCE,ETHUSDT,BUY,2963.23,4.796
1715247453064,1715247452989364000,BINANCE,ETHUSDT,BUY,2963.24,1.148
1715247453064,1715247452989442000,BINANCE,ETHUSDT,BUY,2963.25,3.374
1715247453064,1715247452989520000,BINANCE,ETHUSDT,BUY,2963.27,0.673
1715247453064,1715247452989617000,BINANCE,ETHUSDT,BUY,2963.28,0.007
1715247453064,1715247452989698000,BINANCE,ETHUSDT,BUY,2963.29,0.149
1715247453064,1715247452989886000,BINANCE,ETHUSDT,BUY,2963.31,0.673
1715247453064,1715247452989981000,BINANCE,ETHUSDT,BUY,2963.32,0.04
1715247453064,1715247452990070000,BINANCE,ETHUSDT,BUY,2963.35,0.673
1715247453064,1715247452990148000,BINANCE,ETHUSDT,BUY,2963.36,0.007
1715247453064,1715247452990226000,BINANCE,ETHUSDT,BUY,2963.38,1.297
1715247453064,1715247452990304000,BINANCE,ETHUSDT,BUY,2963.39,1.047
1715247453064,1715247452990383000,BINANCE,ETHUSDT,BUY,2963.4,0.688
1715247453064,1715247452991054000,BINANCE,ETHUSDT,BUY,2963.42,0.01
1715247453064,1715247452991178000,BINANCE,ETHUSDT,BUY,2963.43,6.408
1715247453064,1715247452991258000,BINANCE,ETHUSDT,BUY,2963.44,0.015
1715247453064,1715247452991336000,BINANCE,ETHUSDT,BUY,2963.45,0.287
1715247453064,1715247452991414000,BINANCE,ETHUSDT,BUY,2963.47,0.673
1715247453064,1715247452991492000,BINANCE,ETHUSDT,BUY,2963.48,0.178
1715247453064,1715247452991569000,BINANCE,ETHUSDT,BUY,2963.49,5.171
1715247453064,1715247452991658000,BINANCE,ETHUSDT,BUY,2963.5,0.775
1715247453064,1715247452991753000,BINANCE,ETHUSDT,BUY,2963.51,1.14
1715247453064,1715247452991830000,BINANCE,ETHUSDT,BUY,2963.52,0.734
1715247453064,1715247452991908000,BINANCE,ETHUSDT,BUY,2963.53,7.968
1715247453064,1715247452991975000,BINANCE,ETHUSDT,BUY,2963.55,14.135
1715247453064,1715247453103616000,BINANCE,ETHUSDT,BUY,2963.56,11.495
1715247453179,1715247453140757000,BINANCE,ETHUSDT,BUY,2963.56,5.07
1715247453214,1715247453140846000,BINANCE,ETHUSDT,BUY,2963.57,0.133
1715247453214,1715247453140924000,BINANCE,ETHUSDT,BUY,2963.58,0.279
1715247453214,1715247453141002000,BINANCE,ETHUSDT,BUY,2963.59,0.007
1715247453214,1715247453145152000,BINANCE,ETHUSDT,BUY,2963.6,0.015
1715247453221,1715247453172688000,BINANCE,ETHUSDT,BUY,2963.64,0.015
1715247453246,1715247453172748000,BINANCE,ETHUSDT,BUY,2963.66,0.007
1715247453246,1715247453172793000,BINANCE,ETHUSDT,BUY,2963.67,0.709
1715247453246,1715247453173695000,BINANCE,ETHUSDT,BUY,2963.68,0.015
1715247453246,1715247453173746000,BINANCE,ETHUSDT,BUY,2963.69,0.014
1715247453246,1715247453173790000,BINANCE,ETHUSDT,BUY,2963.7,0.59
1715247453246,1715247453183030000,BINANCE,ETHUSDT,BUY,2963.71,0.432
1715247453259,1715247453183070000,BINANCE,ETHUSDT,BUY,2963.72,0.023
1715247453259,1715247453318695000,BINANCE,ETHUSDT,BUY,2963.73,1.065
1715247453394,1715247453318766000,BINANCE,ETHUSDT,BUY,2963.73,1.51
1715247453394,1715247453318794000,BINANCE,ETHUSDT,BUY,2963.76,0.015
1715247453394,1715247453318818000,BINANCE,ETHUSDT,BUY,2963.77,0.007
1715247453394,1715247453319879000,BINANCE,ETHUSDT,BUY,2963.8,0.023
1715247453397,1715247453319908000,BINANCE,ETHUSDT,BUY,2963.83,0.007
1715247453397,1715247453319932000,BINANCE,ETHUSDT,BUY,2963.84,0.022
1715247453397,1715247453324337000,BINANCE,ETHUSDT,BUY,2963.86,2.416
1715247453399,1715247453324361000,BINANCE,ETHUSDT,BUY,2963.88,0.015
1715247453399,1715247453324385000,BINANCE,ETHUSDT,BUY,2963.91,0.007
1715247453399,1715247453324409000,BINANCE,ETHUSDT,BUY,2963.92,0.015
1715247453399,1715247453325544000,BINANCE,ETHUSDT,BUY,2963.93,3.328
1715247453401,1715247453325571000,BINANCE,ETHUSDT,BUY,2963.95,0.533
1715247453402,1715247453325595000,BINANCE,ETHUSDT,BUY,2963.96,0.206
1715247453402,1715247453325642000,BINANCE,ETHUSDT,BUY,2963.99,0.061
1715247453402,1715247453325666000,BINANCE,ETHUSDT,BUY,2964,0.377
1715247453402,1715247453325690000,BINANCE,ETHUSDT,BUY,2964.02,0.011
1715247453402,1715247453331061000,BINANCE,ETHUSDT,BUY,2964.03,2.27
1715247453408,1715247453349701000,BINANCE,ETHUSDT,SELL,2964.02,6.986
1715247453425,1715247453349726000,BINANCE,ETHUSDT,BUY,2964.03,1.299
1715247453425,1715247453349745000,BINANCE,ETHUSDT,BUY,2964.04,0.015
1715247453425,1715247453364726000,BINANCE,ETHUSDT,BUY,2964.06,0.445
1715247453439,1715247453364748000,BINANCE,ETHUSDT,BUY,2964.07,0.007
1715247453439,1715247453364766000,BINANCE,ETHUSDT,BUY,2964.08,0.015
1715247453439,1715247453364784000,BINANCE,ETHUSDT,BUY,2964.1,0.007
1715247453439,1715247453364802000,BINANCE,ETHUSDT,BUY,2964.12,0.015
1715247453441,1715247453364821000,BINANCE,ETHUSDT,BUY,2964.15,0.007
1715247453441,1715247453364839000,BINANCE,ETHUSDT,BUY,2964.16,0.025
1715247453441,1715247453364857000,BINANCE,ETHUSDT,BUY,2964.18,0.1
1715247453441,1715247453364875000,BINANCE,ETHUSDT,BUY,2964.2,0.688
1715247453441,1715247453438311000,BINANCE,ETHUSDT,BUY,2964.23,0.945
1715247453515,1715247453590026000,BINANCE,ETHUSDT,BUY,2964.24,0.65
1715247453705,1715247453632507000,BINANCE,ETHUSDT,BUY,2964.24,0.132
1715247453705,1715247453632592000,BINANCE,ETHUSDT,BUY,2964.27,0.008
1715247453705,1715247453632673000,BINANCE,ETHUSDT,BUY,2964.28,0.023
1715247453705,1715247453632751000,BINANCE,ETHUSDT,BUY,2964.32,0.034
1715247453705,1715247453632829000,BINANCE,ETHUSDT,BUY,2964.34,0.007
1715247453705,1715247453655692000,BINANCE,ETHUSDT,BUY,2964.35,0.022
1715247453729,1715247453798504000,BINANCE,ETHUSDT,BUY,2964.36,0.241
1715247453873,1715247453947135000,BINANCE,ETHUSDT,SELL,2964.35,0.061
1715247454061,1715247454137478000,BINANCE,ETHUSDT,BUY,2964.36,0.242
1715247454252,1715247454218801000,BINANCE,ETHUSDT,BUY,2964.36,0.001
1715247454295,1715247454226479000,BINANCE,ETHUSDT,SELL,2964.35,0.033
1715247454303,1715247454376998000,BINANCE,ETHUSDT,BUY,2964.36,0.013
1715247454530,1715247454487894000,BINANCE,ETHUSDT,BUY,2964.36,0.1
1715247454563,1715247454592382000,BINANCE,ETHUSDT,SELL,2964.35,0.034
1715247454666,1715247454723234000,BINANCE,ETHUSDT,BUY,2964.36,0.064
1715247454797,1715247454740552000,BINANCE,ETHUSDT,SELL,2964.35,0.5
1715247454818,1715247454774136000,BINANCE,ETHUSDT,BUY,2964.36,1.189
1715247454849,1715247454822793000,BINANCE,ETHUSDT,SELL,2964.35,0.654
1715247454897,1715247454936573000,BINANCE,ETHUSDT,BUY,2964.36,27.58
1715247455013,1715247454986736000,BINANCE,ETHUSDT,SELL,2964.35,0.335
1715247455062,1715247455014750000,BINANCE,ETHUSDT,BUY,2964.36,0.337
1715247455090,1715247455014796000,BINANCE,ETHUSDT,SELL,2964.35,15.506
1715247455090,1715247455014830000,BINANCE,ETHUSDT,SELL,2964.24,0.503
1715247455090,1715247455014889000,BINANCE,ETHUSDT,SELL,2964.23,0.022
1715247455090,1715247455014933000,BINANCE,ETHUSDT,SELL,2964.2,0.467
1715247455090,1715247455014967000,BINANCE,ETHUSDT,SELL,2964.19,1.656
1715247455090,1715247455015001000,BINANCE,ETHUSDT,SELL,2964.16,0.007
1715247455090,1715247455129837000,BINANCE,ETHUSDT,SELL,2964.13,0.224
1715247455205,1715247455129863000,BINANCE,ETHUSDT,BUY,2964.12,0.049
1715247455205,1715247455219661000,BINANCE,ETHUSDT,SELL,2964.11,9.245
1715247455296,1715247455219689000,BINANCE,ETHUSDT,SELL,2964.1,0.225
1715247455296,1715247455222743000,BINANCE,ETHUSDT,SELL,2964.08,0.05
1715247455299,1715247455242882000,BINANCE,ETHUSDT,SELL,2964.07,0.056
1715247455316,1715247455242914000,BINANCE,ETHUSDT,SELL,2964.05,0.044
1715247455319,1715247455242942000,BINANCE,ETHUSDT,BUY,2964.06,0.768
1715247455320,1715247455250829000,BINANCE,ETHUSDT,SELL,2964.05,0.528
1715247455328,1715247455255717000,BINANCE,ETHUSDT,BUY,2964.06,0.008
1715247455331,1715247455328561000,BINANCE,ETHUSDT,SELL,2964.05,0.366
1715247455392,1715247455458649000,BINANCE,ETHUSDT,BUY,2964.06,0.168
1715247455537,1715247455599155000,BINANCE,ETHUSDT,SELL,2964.05,0.5
1715247455677,1715247455636287000,BINANCE,ETHUSDT,SELL,2964.05,0.6
1715247455713,1715247455662200000,BINANCE,ETHUSDT,BUY,2964.06,0.1
1715247455736,1715247455666478000,BINANCE,ETHUSDT,SELL,2964.05,2.27
1715247455740,1715247455666573000,BINANCE,ETHUSDT,SELL,2964.02,0.007
1715247455740,1715247455666653000,BINANCE,ETHUSDT,SELL,2963.99,0.007
1715247455740,1715247455666730000,BINANCE,ETHUSDT,SELL,2963.91,0.007
1715247455740,1715247455666808000,BINANCE,ETHUSDT,SELL,2963.9,0.008
1715247455740,1715247455666886000,BINANCE,ETHUSDT,SELL,2963.84,0.007
1715247455740,1715247455666964000,BINANCE,ETHUSDT,SELL,2963.83,0.015
1715247455740,1715247455677913000,BINANCE,ETHUSDT,SELL,2963.8,0.019
1715247455753,1715247455677978000,BINANCE,ETHUSDT,SELL,2963.76,0.015
1715247455753,1715247455678023000,BINANCE,ETHUSDT,SELL,2963.75,0.011
1715247455753,1715247455782604000,BINANCE,ETHUSDT,SELL,2963.74,0.01
1715247455859,1715247455818168000,BINANCE,ETHUSDT,SELL,2963.73,0.007
1715247455895,1715247455966835000,BINANCE,ETHUSDT,BUY,2963.74,2.065
1715247456042,1715247456093826000,BINANCE,ETHUSDT,BUY,2963.74,0.154
1715247456167,1715247456243779000,BINANCE,ETHUSDT,SELL,2963.73,0.064
1715247456489,1715247456461287000,BINANCE,ETHUSDT,BUY,2963.74,11.996
1715247456536,1715247456469470000,BINANCE,ETHUSDT,BUY,2963.89,1.212
1715247456544,1715247456550516000,BINANCE,ETHUSDT,SELL,2963.88,0.078
1715247456625,1715247456555196000,BINANCE,ETHUSDT,BUY,2963.89,8.424
1715247456625,1715247456555256000,BINANCE,ETHUSDT,BUY,2963.9,0.007
1715247456625,1715247456555300000,BINANCE,ETHUSDT,BUY,2963.95,0.645
1715247456625,1715247456555344000,BINANCE,ETHUSDT,BUY,2963.96,0.673
1715247456625,1715247456555389000,BINANCE,ETHUSDT,BUY,2963.97,0.049
1715247456625,1715247456555433000,BINANCE,ETHUSDT,BUY,2963.99,0.007
1715247456625,1715247456565272000,BINANCE,ETHUSDT,BUY,2964,0.985
1715247456641,1715247456565319000,BINANCE,ETHUSDT,BUY,2964.01,0.015
1715247456641,1715247456703138000,BINANCE,ETHUSDT,BUY,2964.03,0.003
1715247456778,1715247456844275000,BINANCE,ETHUSDT,BUY,2964.03,1.694
1715247456917,1715247456977053000,BINANCE,ETHUSDT,SELL,2964.02,0.165
1715247457053,1715247457127501000,BINANCE,ETHUSDT,BUY,2964.03,0.061
1715247457419,1715247457405707000,BINANCE,ETHUSDT,SELL,2964.02,0.503
1715247457481,1715247457420891000,BINANCE,ETHUSDT,BUY,2964.03,0.012
1715247457498,1715247457571309000,BINANCE,ETHUSDT,SELL,2964.02,1.106
1715247457656,1715247457730074000,BINANCE,ETHUSDT,SELL,2964.02,3.545
1715247457812,1715247457886444000,BINANCE,ETHUSDT,BUY,2964.03,4.696
1715247458067,1715247458049659000,BINANCE,ETHUSDT,BUY,2964.03,2.635
1715247458125,1715247458049696000,BINANCE,ETHUSDT,SELL,2964.02,12.139
1715247458125,1715247458049721000,BINANCE,ETHUSDT,SELL,2963.99,0.082
1715247458125,1715247458116346000,BINANCE,ETHUSDT,SELL,2963.96,18.902
1715247458191,1715247458116369000,BINANCE,ETHUSDT,SELL,2963.89,2.253
1715247458191,1715247458116385000,BINANCE,ETHUSDT,SELL,2963.88,2
1715247458191,1715247458116402000,BINANCE,ETHUSDT,SELL,2963.85,4
1715247458191,1715247458116418000,BINANCE,ETHUSDT,SELL,2963.84,0.68
1715247458191,1715247458116434000,BINANCE,ETHUSDT,SELL,2963.79,4.491
1715247458191,1715247458266597000,BINANCE,ETHUSDT,SELL,2963.78,0.945
1715247458443,1715247458401819000,BINANCE,ETHUSDT,SELL,2963.78,0.031
1715247458477,1715247458424781000,BINANCE,ETHUSDT,BUY,2963.79,0.019
1715247458501,1715247458575973000,BINANCE,ETHUSDT,SELL,2963.78,0.242
1715247458671,1715247458660182000,BINANCE,ETHUSDT,BUY,2963.79,1.5
1715247458736,1715247458732315000,BINANCE,ETHUSDT,SELL,2963.78,5.102
1715247458809,1715247458882223000,BINANCE,ETHUSDT,BUY,2963.79,0.22
1715247458979,1715247458919438000,BINANCE,ETHUSDT,BUY,2963.79,4.664
1715247458993,1715247458919522000,BINANCE,ETHUSDT,BUY,2963.94,0.041
1715247458993,1715247458947402000,BINANCE,ETHUSDT,BUY,2963.97,0.028
1715247459022,1715247458947466000,BINANCE,ETHUSDT,SELL,2963.98,0.024
1715247459022,1715247459084533000,BINANCE,ETHUSDT,BUY,2963.99,14.01
1715247459160,1715247459107160000,BINANCE,ETHUSDT,BUY,2963.99,0.005
1715247459185,1715247459234835000,BINANCE,ETHUSDT,SELL,2963.98,0.033
1715247459309,1715247459318383000,BINANCE,ETHUSDT,BUY,2963.99,1.398
1715247459394,1715247459430591000,BINANCE,ETHUSDT,SELL,2963.98,0.2
1715247459508,1715247459581645000,BINANCE,ETHUSDT,BUY,2963.99,1
1715247459658,1715247459603769000,BINANCE,ETHUSDT,SELL,2963.98,10.87
1715247459681,1715247459719612000,BINANCE,ETHUSDT,BUY,2963.99,0.337
1715247459795,1715247459719642000,BINANCE,ETHUSDT,SELL,2963.98,0.008
1715247459795,1715247459719665000,BINANCE,ETHUSDT,SELL,2963.96,0.03
1715247459795,1715247459725543000,BINANCE,ETHUSDT,SELL,2963.94,0.01
1715247459802,1715247459725610000,BINANCE,ETHUSDT,SELL,2963.92,0.015
1715247459802,1715247459731867000,BINANCE,ETHUSDT,SELL,2963.88,0.01
1715247459809,1715247459731894000,BINANCE,ETHUSDT,SELL,2963.84,2.008
1715247459809,1715247459731915000,BINANCE,ETHUSDT,SELL,2963.83,2.673
1715247459809,1715247459731938000,BINANCE,ETHUSDT,SELL,2963.81,0.099
1715247459809,1715247459731959000,BINANCE,ETHUSDT,SELL,2963.79,2.673
1715247459809,1715247459732048000,BINANCE,ETHUSDT,SELL,2963.78,2.372
1715247459809,1715247459732072000,BINANCE,ETHUSDT,SELL,2963.76,0.824
1715247459809,1715247459732093000,BINANCE,ETHUSDT,SELL,2963.75,0.673
1715247459809,1715247459732788000,BINANCE,ETHUSDT,SELL,2963.74,0.224
1715247459809,1715247459732812000,BINANCE,ETHUSDT,SELL,2963.73,2.703
1715247459809,1715247459732833000,BINANCE,ETHUSDT,SELL,2963.72,0.673
1715247459809,1715247459732854000,BINANCE,ETHUSDT,SELL,2963.71,0.673
1715247459809,1715247459732875000,BINANCE,ETHUSDT,SELL,2963.7,0.224
1715247459809,1715247459732896000,BINANCE,ETHUSDT,SELL,2963.67,0.897
1715247459809,1715247459732917000,BINANCE,ETHUSDT,SELL,2963.66,0.2
1715247459809,1715247459732937000,BINANCE,ETHUSDT,SELL,2963.65,0.4
1715247459809,1715247459732959000,BINANCE,ETHUSDT,SELL,2963.64,1.18
1715247459809,1715247459732991000,BINANCE,ETHUSDT,SELL,2963.63,3.869
1715247459809,1715247459733023000,BINANCE,ETHUSDT,SELL,2963.62,5.579
1715247459809,1715247459733047000,BINANCE,ETHUSDT,SELL,2963.6,1.526
1715247459809,1715247459733071000,BINANCE,ETHUSDT,SELL,2963.59,1
1715247459809,1715247459733094000,BINANCE,ETHUSDT,SELL,2963.58,0.273
1715247459809,1715247459733118000,BINANCE,ETHUSDT,SELL,2963.57,13.765
1715247459809,1715247459733141000,BINANCE,ETHUSDT,SELL,2963.56,0.979
1715247459809,1715247459733165000,BINANCE,ETHUSDT,SELL,2963.55,0.908
1715247459809,1715247459733204000,BINANCE,ETHUSDT,SELL,2963.54,2.373
1715247459809,1715247459733234000,BINANCE,ETHUSDT,SELL,2963.52,0.687
1715247459809,1715247459733259000,BINANCE,ETHUSDT,SELL,2963.51,6.125
1715247459809,1715247459733284000,BINANCE,ETHUSDT,SELL,2963.5,10.583
1715247459809,1715247459733307000,BINANCE,ETHUSDT,SELL,2963.49,3.521
1715247459809,1715247459739446000,BINANCE,ETHUSDT,SELL,2963.48,0.68
1715247459809,1715247459739499000,BINANCE,ETHUSDT,SELL,2963.47,4.225
1715247459809,1715247459739523000,BINANCE,ETHUSDT,SELL,2963.46,0.01
1715247459809,1715247459739547000,BINANCE,ETHUSDT,SELL,2963.45,3.099
1715247459809,1715247459739570000,BINANCE,ETHUSDT,SELL,2963.44,2.715
1715247459809,1715247459739594000,BINANCE,ETHUSDT,SELL,2963.43,0.01
1715247459809,1715247459739618000,BINANCE,ETHUSDT,SELL,2963.4,3.279
1715247459809,1715247459739641000,BINANCE,ETHUSDT,SELL,2963.39,4.022
1715247459809,1715247459739666000,BINANCE,ETHUSDT,SELL,2963.38,0.092
1715247459809,1715247459739690000,BINANCE,ETHUSDT,SELL,2963.36,1.09
1715247459809,1715247459739713000,BINANCE,ETHUSDT,SELL,2963.35,0.008
1715247459809,1715247459739737000,BINANCE,ETHUSDT,SELL,2963.34,3.559
1715247459809,1715247459739761000,BINANCE,ETHUSDT,SELL,2963.33,2.7
1715247459809,1715247459739785000,BINANCE,ETHUSDT,SELL,2963.32,10.062
1715247459809,1715247459739810000,BINANCE,ETHUSDT,SELL,2963.31,0.101
1715247459809,1715247459739833000,BINANCE,ETHUSDT,SELL,2963.3,0.092
1715247459809,1715247459739857000,BINANCE,ETHUSDT,SELL,2963.29,0.359
1715247459809,1715247459739881000,BINANCE,ETHUSDT,SELL,2963.28,0.01
1715247459809,1715247459739904000,BINANCE,ETHUSDT,SELL,2963.27,2.699
1715247459809,1715247459739928000,BINANCE,ETHUSDT,SELL,2963.26,3.12
1715247459809,1715247459739951000,BINANCE,ETHUSDT,SELL,2963.25,3.714
1715247459809,1715247459741486000,BINANCE,ETHUSDT,SELL,2963.24,2.988
1715247459809,1715247459741512000,BINANCE,ETHUSDT,SELL,2963.23,2.709
1715247459809,1715247459741535000,BINANCE,ETHUSDT,SELL,2963.22,4.007
1715247459809,1715247459741559000,BINANCE,ETHUSDT,SELL,2963.21,7.999
1715247459809,1715247459741582000,BINANCE,ETHUSDT,SELL,2963.2,16.122
1715247459809,1715247459741607000,BINANCE,ETHUSDT,SELL,2963.19,1.107
1715247459809,1715247459741641000,BINANCE,ETHUSDT,SELL,2963.18,3.21
1715247459809,1715247459741664000,BINANCE,ETHUSDT,SELL,2963.17,0.712
1715247459809,1715247459741688000,BINANCE,ETHUSDT,SELL,2963.16,0.517
1715247459809,1715247459741711000,BINANCE,ETHUSDT,SELL,2963.15,0.351
1715247459809,1715247459741735000,BINANCE,ETHUSDT,SELL,2963.14,3.31
1715247459809,1715247459741758000,BINANCE,ETHUSDT,SELL,2963.13,0.02
1715247459809,1715247459741782000,BINANCE,ETHUSDT,SELL,2963.12,0.147
1715247459809,1715247459741805000,BINANCE,ETHUSDT,SELL,2963.11,2.334
1715247459809,1715247459741829000,BINANCE,ETHUSDT,SELL,2963.1,6.774
1715247459809,1715247459741852000,BINANCE,ETHUSDT,SELL,2963.08,3.253
1715247459809,1715247459741876000,BINANCE,ETHUSDT,SELL,2963.07,0.333
1715247459809,1715247459741899000,BINANCE,ETHUSDT,SELL,2963.06,10.021
1715247459809,1715247459741923000,BINANCE,ETHUSDT,SELL,2963.04,14.148
1715247459809,1715247459746340000,BINANCE,ETHUSDT,SELL,2963.03,2.2
1715247459809,1715247459746369000,BINANCE,ETHUSDT,SELL,2963.02,7.763
1715247459809,1715247459746392000,BINANCE,ETHUSDT,SELL,2963.01,2.56
1715247459809,1715247459746416000,BINANCE,ETHUSDT,SELL,2963,26.311
1715247459809,1715247459746440000,BINANCE,ETHUSDT,SELL,2962.99,0.697
1715247459809,1715247459746464000,BINANCE,ETHUSDT,SELL,2962.98,18.428
1715247459809,1715247459746488000,BINANCE,ETHUSDT,SELL,2962.97,2.88
1715247459809,1715247459746511000,BINANCE,ETHUSDT,SELL,2962.96,0.529
1715247459809,1715247459746535000,BINANCE,ETHUSDT,SELL,2962.95,0.007
1715247459809,1715247459746556000,BINANCE,ETHUSDT,SELL,2962.94,0.007
1715247459809,1715247459746577000,BINANCE,ETHUSDT,SELL,2962.92,1.017
1715247459809,1715247459746597000,BINANCE,ETHUSDT,SELL,2962.91,0.21
1715247459809,1715247459746655000,BINANCE,ETHUSDT,SELL,2962.9,0.139
1715247459809,1715247459746679000,BINANCE,ETHUSDT,SELL,2962.89,0.008
1715247459809,1715247459746699000,BINANCE,ETHUSDT,SELL,2962.88,3.032
1715247459809,1715247459746720000,BINANCE,ETHUSDT,SELL,2962.87,0.3
1715247459809,1715247459746741000,BINANCE,ETHUSDT,SELL,2962.86,15.23
1715247459809,1715247459746766000,BINANCE,ETHUSDT,SELL,2962.85,3.762
1715247459809,1715247459746787000,BINANCE,ETHUSDT,SELL,2962.84,15.11
1715247459809,1715247459746807000,BINANCE,ETHUSDT,SELL,2962.83,0.346
1715247459809,1715247459746828000,BINANCE,ETHUSDT,SELL,2962.82,4.346
1715247459809,1715247459746849000,BINANCE,ETHUSDT,SELL,2962.81,6.728
1715247459819,1715247459746870000,BINANCE,ETHUSDT,SELL,2963.3,0.008
1715247459819,1715247459751358000,BINANCE,ETHUSDT,SELL,2963.27,0.507
1715247459820,1715247459831561000,BINANCE,ETHUSDT,SELL,2963.25,0.302
1715247459907,1715247459831586000,BINANCE,ETHUSDT,BUY,2963.28,0.008
1715247459907,1715247459831607000,BINANCE,ETHUSDT,BUY,2963.31,0.066
1715247459907,1715247459862492000,BINANCE,ETHUSDT,BUY,2963.33,0.01
1715247459937,1715247459896855000,BINANCE,ETHUSDT,BUY,2963.34,3.257
1715247459970,1715247459899360000,BINANCE,ETHUSDT,SELL,2963.33,0.234
1715247459976,1715247459899387000,BINANCE,ETHUSDT,BUY,2963.34,0.1
1715247459977,1715247459948018000,BINANCE,ETHUSDT,SELL,2963.33,0.434
1715247460024,1715247460003949000,BINANCE,ETHUSDT,BUY,2963.34,0.396
1715247460080,1715247460027928000,BINANCE,ETHUSDT,SELL,2963.33,0.365
1715247460103,1715247460027966000,BINANCE,ETHUSDT,BUY,2963.34,2.603
1715247460103,1715247460028000000,BINANCE,ETHUSDT,BUY,2963.38,0.007
1715247460103,1715247460028035000,BINANCE,ETHUSDT,BUY,2963.42,0.01
1715247460103,1715247460028068000,BINANCE,ETHUSDT,BUY,2963.48,0.023
1715247460103,1715247460028103000,BINANCE,ETHUSDT,BUY,2963.5,0.007
1715247460103,1715247460043931000,BINANCE,ETHUSDT,BUY,2963.51,0.36
1715247460120,1715247460082970000,BINANCE,ETHUSDT,BUY,2963.52,0.007
1715247460159,1715247460129068000,BINANCE,ETHUSDT,BUY,2963.53,7.109
1715247460204,1715247460129159000,BINANCE,ETHUSDT,BUY,2963.54,0.099
1715247460204,1715247460129238000,BINANCE,ETHUSDT,BUY,2963.57,0.072
1715247460204,1715247460131101000,BINANCE,ETHUSDT,BUY,2963.59,0.05
1715247460205,1715247460131210000,BINANCE,ETHUSDT,BUY,2963.64,0.077
1715247460205,1715247460156961000,BINANCE,ETHUSDT,BUY,2963.66,1.009
1715247460232,1715247460157076000,BINANCE,ETHUSDT,BUY,2963.69,0.086
1715247460232,1715247460157142000,BINANCE,ETHUSDT,BUY,2963.7,0.007
1715247460232,1715247460307073000,BINANCE,ETHUSDT,BUY,2963.72,0.607
1715247460393,1715247460418131000,BINANCE,ETHUSDT,BUY,2963.72,0.178
1715247460495,1715247460477891000,BINANCE,ETHUSDT,SELL,2963.71,3.158
1715247460553,1715247460597370000,BINANCE,ETHUSDT,BUY,2963.72,2.143
1715247460674,1715247460708629000,BINANCE,ETHUSDT,BUY,2963.72,0.18
1715247460784,1715247460735540000,BINANCE,ETHUSDT,BUY,2963.72,0.463
1715247460811,1715247460758963000,BINANCE,ETHUSDT,SELL,2963.71,2.529
1715247460833,1715247460811144000,BINANCE,ETHUSDT,BUY,2963.72,0.6
1715247460887,1715247460867771000,BINANCE,ETHUSDT,SELL,2963.71,0.031
1715247460944,1715247460987972000,BINANCE,ETHUSDT,BUY,2963.72,1.895
1715247461063,1715247461125016000,BINANCE,ETHUSDT,BUY,2963.72,1.013
1715247461199,1715247461131793000,BINANCE,ETHUSDT,BUY,2963.72,0.203
1715247461207,1715247461170356000,BINANCE,ETHUSDT,SELL,2963.71,0.08
1715247461245,1715247461274073000,BINANCE,ETHUSDT,BUY,2963.72,0.316
1715247461349,1715247461422237000,BINANCE,ETHUSDT,BUY,2963.72,0.355
1715247461568,1715247461547687000,BINANCE,ETHUSDT,BUY,2963.72,0.916
1715247461623,1715247461629950000,BINANCE,ETHUSDT,SELL,2963.71,2.051
1715247461704,1715247461630001000,BINANCE,ETHUSDT,SELL,2963.68,0.075
1715247461704,1715247461630046000,BINANCE,ETHUSDT,SELL,2963.52,0.007
1715247461704,1715247461638983000,BINANCE,ETHUSDT,SELL,2963.44,0.003
1715247461714,1715247461649764000,BINANCE,ETHUSDT,SELL,2963.43,0.008
1715247461725,1715247461649814000,BINANCE,ETHUSDT,SELL,2963.38,0.015
1715247461725,1715247461649857000,BINANCE,ETHUSDT,SELL,2963.36,0.007
1715247461725,1715247461754419000,BINANCE,ETHUSDT,SELL,2963.33,0.01
1715247461828,1715247461754463000,BINANCE,ETHUSDT,BUY,2963.34,7.113
1715247461829,1715247461754497000,BINANCE,ETHUSDT,BUY,2963.35,0.673
1715247461829,1715247461754531000,BINANCE,ETHUSDT,BUY,2963.38,0.007
1715247461829,1715247461754565000,BINANCE,ETHUSDT,BUY,2963.39,2.673
1715247461829,1715247461754599000,BINANCE,ETHUSDT,BUY,2963.4,0.673
1715247461829,1715247461754633000,BINANCE,ETHUSDT,BUY,2963.42,0.01
1715247461829,1715247461754667000,BINANCE,ETHUSDT,BUY,2963.43,0.673
1715247461829,1715247461754700000,BINANCE,ETHUSDT,BUY,2963.44,4
1715247461829,1715247461757212000,BINANCE,ETHUSDT,BUY,2963.45,1.349
1715247461829,1715247461757250000,BINANCE,ETHUSDT,BUY,2963.47,0.673
1715247461829,1715247461757283000,BINANCE,ETHUSDT,BUY,2963.5,6.825
1715247461829,1715247461757317000,BINANCE,ETHUSDT,BUY,2963.51,0.673
1715247461829,1715247461757353000,BINANCE,ETHUSDT,BUY,2963.54,0.085
1715247461829,1715247461757387000,BINANCE,ETHUSDT,BUY,2963.56,0.673
1715247461829,1715247461757420000,BINANCE,ETHUSDT,BUY,2963.57,0.01
1715247461829,1715247461757454000,BINANCE,ETHUSDT,BUY,2963.6,1.526
1715247461829,1715247461757487000,BINANCE,ETHUSDT,BUY,2963.64,3.388
1715247461829,1715247461757520000,BINANCE,ETHUSDT,BUY,2963.66,9.448
1715247461829,1715247461757554000,BINANCE,ETHUSDT,BUY,2963.67,2.588
1715247461829,1715247461902530000,BINANCE,ETHUSDT,BUY,2963.68,2.461
1715247462024,1715247461994161000,BINANCE,ETHUSDT,SELL,2963.67,0.01
1715247462070,1715247462132557000,BINANCE,ETHUSDT,BUY,2963.68,0.103
1715247462210,1715247462198525000,BINANCE,ETHUSDT,BUY,2963.68,8.912
1715247462273,1715247462198565000,BINANCE,ETHUSDT,BUY,2963.69,0.05
1715247462273,1715247462198600000,BINANCE,ETHUSDT,BUY,2963.72,0.103
1715247462273,1715247462201814000,BINANCE,ETHUSDT,BUY,2963.76,0.01
1715247462278,1715247462201853000,BINANCE,ETHUSDT,BUY,2963.81,0.007
1715247462278,1715247462201889000,BINANCE,ETHUSDT,BUY,2963.84,0.007
1715247462278,1715247462201923000,BINANCE,ETHUSDT,BUY,2963.85,0.007
1715247462278,1715247462201957000,BINANCE,ETHUSDT,BUY,2963.86,0.01
1715247462278,1715247462201990000,BINANCE,ETHUSDT,BUY,2963.88,0.008
1715247462278,1715247462202028000,BINANCE,ETHUSDT,BUY,2963.89,0.007
1715247462278,1715247462202065000,BINANCE,ETHUSDT,BUY,2963.92,0.014
1715247462278,1715247462237080000,BINANCE,ETHUSDT,BUY,2963.93,1.392
1715247462314,1715247462372849000,BINANCE,ETHUSDT,SELL,2963.92,1.004
1715247462450,1715247462406815000,BINANCE,ETHUSDT,SELL,2963.92,0.014
1715247462485,1715247462412321000,BINANCE,ETHUSDT,BUY,2963.93,1.44
1715247462487,1715247462412365000,BINANCE,ETHUSDT,SELL,2963.92,28.798
1715247462487,1715247462412399000,BINANCE,ETHUSDT,SELL,2963.85,0.01
1715247462487,1715247462412433000,BINANCE,ETHUSDT,SELL,2963.8,2
1715247462487,1715247462412467000,BINANCE,ETHUSDT,SELL,2963.79,0.673
1715247462487,1715247462412500000,BINANCE,ETHUSDT,SELL,2963.76,1.11
1715247462487,1715247462412535000,BINANCE,ETHUSDT,SELL,2963.75,2.336
1715247462487,1715247462412588000,BINANCE,ETHUSDT,SELL,2963.73,4
1715247462487,1715247462412701000,BINANCE,ETHUSDT,SELL,2963.72,2.671
1715247462487,1715247462412735000,BINANCE,ETHUSDT,SELL,2963.71,0.673
1715247462487,1715247462412769000,BINANCE,ETHUSDT,SELL,2963.69,5.187
1715247462487,1715247462412803000,BINANCE,ETHUSDT,SELL,2963.68,10.671
1715247462487,1715247462412837000,BINANCE,ETHUSDT,SELL,2963.67,8.025
1715247462487,1715247462412870000,BINANCE,ETHUSDT,SELL,2963.63,6.06
1715247462487,1715247462412904000,BINANCE,ETHUSDT,SELL,2963.61,0.05
1715247462487,1715247462412942000,BINANCE,ETHUSDT,SELL,2963.6,1.526
1715247462487,1715247462412998000,BINANCE,ETHUSDT,SELL,2963.59,0.673
1715247462487,1715247462413054000,BINANCE,ETHUSDT,SELL,2963.58,0.109
1715247462487,1715247462413088000,BINANCE,ETHUSDT,SELL,2963.56,1.673
1715247462487,1715247462413124000,BINANCE,ETHUSDT,SELL,2963.55,0.673
1715247462487,1715247462413158000,BINANCE,ETHUSDT,SELL,2963.52,0.007
1715247462487,1715247462471094000,BINANCE,ETHUSDT,SELL,2963.51,0.473
1715247462546,1715247462619990000,BINANCE,ETHUSDT,BUY,2963.61,0.011
1715247462836,1715247462881289000,BINANCE,ETHUSDT,SELL,2963.6,1.18
1715247462957,1715247462959164000,BINANCE,ETHUSDT,SELL,2963.6,16.869
1715247463034,1715247463066141000,BINANCE,ETHUSDT,BUY,2963.61,0.053
1715247463139,1715247463079913000,BINANCE,ETHUSDT,SELL,2963.6,0.024
1715247463155,1715247463093176000,BINANCE,ETHUSDT,SELL,2963.51,0.232
1715247463168,1715247463109917000,BINANCE,ETHUSDT,SELL,2963.46,0.224
1715247463185,1715247463109950000,BINANCE,ETHUSDT,SELL,2963.43,0.231
1715247463185,1715247463109979000,BINANCE,ETHUSDT,SELL,2963.38,0.014
1715247463185,1715247463110007000,BINANCE,ETHUSDT,SELL,2963.37,0.007
1715247463185,1715247463110035000,BINANCE,ETHUSDT,SELL,2963.36,6.406
1715247463185,1715247463110062000,BINANCE,ETHUSDT,SELL,2963.35,0.007
1715247463185,1715247463110090000,BINANCE,ETHUSDT,SELL,2963.34,23.327
1715247463185,1715247463110122000,BINANCE,ETHUSDT,SELL,2963.33,4.251
1715247463186,1715247463110150000,BINANCE,ETHUSDT,SELL,2963.31,0.673
1715247463186,1715247463110177000,BINANCE,ETHUSDT,SELL,2963.3,2.023
1715247463186,1715247463110205000,BINANCE,ETHUSDT,SELL,2963.27,0.68
1715247463186,1715247463110243000,BINANCE,ETHUSDT,SELL,2963.24,1.279
1715247463186,1715247463110278000,BINANCE,ETHUSDT,SELL,2963.23,3.93
1715247463186,1715247463110306000,BINANCE,ETHUSDT,SELL,2963.22,5.218
1715247463186,1715247463110333000,BINANCE,ETHUSDT,SELL,2963.21,1.626
1715247463186,1715247463261828000,BINANCE,ETHUSDT,SELL,2963.2,1.176
1715247463341,1715247463416714000,BINANCE,ETHUSDT,SELL,2963.2,0.395
1715247463895,1715247463823410000,BINANCE,ETHUSDT,BUY,2963.21,1.356
1715247463899,1715247463923771000,BINANCE,ETHUSDT,SELL,2963.2,7.286
1715247463995,1715247463923786000,BINANCE,ETHUSDT,BUY,2963.21,0.785
1715247463995,1715247463923798000,BINANCE,ETHUSDT,BUY,2963.33,0.007
1715247463995,1715247463923857000,BINANCE,ETHUSDT,BUY,2963.37,0.007
1715247463995,1715247463923892000,BINANCE,ETHUSDT,BUY,2963.38,0.014
1715247463995,1715247463923956000,BINANCE,ETHUSDT,BUY,2963.42,0.01
1715247463995,1715247463923996000,BINANCE,ETHUSDT,BUY,2963.45,0.007
1715247463995,1715247464063936000,BINANCE,ETHUSDT,BUY,2963.47,7.55
1715247464140,1715247464204566000,BINANCE,ETHUSDT,SELL,2963.46,13.222
1715247464280,1715247464355862000,BINANCE,ETHUSDT,SELL,2963.46,0.208
1715247464467,1715247464395307000,BINANCE,ETHUSDT,SELL,2963.46,0.036
1715247464470,1715247464403559000,BINANCE,ETHUSDT,BUY,2963.47,0.005
1715247464479,1715247464403578000,BINANCE,ETHUSDT,SELL,2963.46,0.167
1715247464480,1715247464554755000,BINANCE,ETHUSDT,BUY,2963.47,0.07
1715247464642,1715247464597649000,BINANCE,ETHUSDT,BUY,2963.47,41.414
1715247464664,1715247464597702000,BINANCE,ETHUSDT,BUY,2963.5,0.008
1715247464664,1715247464597739000,BINANCE,ETHUSDT,BUY,2963.51,1.314
1715247464664,1715247464597776000,BINANCE,ETHUSDT,BUY,2963.52,4.007
1715247464664,1715247464597813000,BINANCE,ETHUSDT,BUY,2963.53,6
1715247464664,1715247464597850000,BINANCE,ETHUSDT,BUY,2963.54,0.1
1715247464664,1715247464597887000,BINANCE,ETHUSDT,BUY,2963.55,0.673
1715247464664,1715247464597923000,BINANCE,ETHUSDT,BUY,2963.56,0.673
1715247464664,1715247464597960000,BINANCE,ETHUSDT,BUY,2963.57,0.01
1715247464664,1715247464597996000,BINANCE,ETHUSDT,BUY,2963.58,0.2
1715247464664,1715247464598123000,BINANCE,ETHUSDT,BUY,2963.59,0.673
1715247464664,1715247464598176000,BINANCE,ETHUSDT,BUY,2963.6,4.226
1715247464664,1715247464601442000,BINANCE,ETHUSDT,BUY,2963.61,4.34
1715247464664,1715247464601519000,BINANCE,ETHUSDT,BUY,2963.62,4.839
1715247464664,1715247464601557000,BINANCE,ETHUSDT,BUY,2963.63,0.673
1715247464664,1715247464601593000,BINANCE,ETHUSDT,BUY,2963.65,0.007
1715247464664,1715247464601629000,BINANCE,ETHUSDT,BUY,2963.66,12.454
1715247464664,1715247464601666000,BINANCE,ETHUSDT,BUY,2963.67,10.897
1715247464664,1715247464601702000,BINANCE,ETHUSDT,BUY,2963.68,3.851
1715247464664,1715247464601739000,BINANCE,ETHUSDT,BUY,2963.69,11.755
1715247464664,1715247464601775000,BINANCE,ETHUSDT,BUY,2963.7,12.023
1715247464664,1715247464601812000,BINANCE,ETHUSDT,BUY,2963.71,6.244
1715247464664,1715247464601849000,BINANCE,ETHUSDT,BUY,2963.72,1.673
1715247464664,1715247464601885000,BINANCE,ETHUSDT,BUY,2963.73,4.507
1715247464664,1715247464601922000,BINANCE,ETHUSDT,BUY,2963.74,12.146
1715247464664,1715247464601960000,BINANCE,ETHUSDT,BUY,2963.75,6.513
1715247464664,1715247464601997000,BINANCE,ETHUSDT,BUY,2963.77,10.087
1715247464664,1715247464602033000,BINANCE,ETHUSDT,BUY,2963.79,0.681
1715247464664,1715247464602070000,BINANCE,ETHUSDT,BUY,2963.8,1.542
1715247464664,1715247464615419000,BINANCE,ETHUSDT,BUY,2963.81,5.107
1715247464688,1715247464688237000,BINANCE,ETHUSDT,SELL,2963.8,0.4
1715247464762,1715247464688299000,BINANCE,ETHUSDT,BUY,2963.64,0.01
1715247464762,1715247464837461000,BINANCE,ETHUSDT,SELL,2963.63,0.02
1715247465047,1715247465055580000,BINANCE,ETHUSDT,BUY,2963.64,0.338
1715247465131,1715247465088014000,BINANCE,ETHUSDT,SELL,2963.63,0.182
1715247465164,1715247465239956000,BINANCE,ETHUSDT,BUY,2963.64,0.01
1715247465527,1715247465461829000,BINANCE,ETHUSDT,SELL,2963.63,0.012
1715247465537,1715247465552736000,BINANCE,ETHUSDT,BUY,2963.64,13.76
1715247465628,1715247465552777000,BINANCE,ETHUSDT,BUY,2963.67,0.041
1715247465628,1715247465575021000,BINANCE,ETHUSDT,BUY,2963.81,0.01
1715247465651,1715247465726863000,BINANCE,ETHUSDT,SELL,2963.8,0.083
1715247465910,1715247465892691000,BINANCE,ETHUSDT,SELL,2963.8,0.554
1715247465967,1715247466042722000,BINANCE,ETHUSDT,BUY,2963.81,3.374
1715247466126,1715247466176282000,BINANCE,ETHUSDT,BUY,2963.81,2.236
1715247466252,1715247466326744000,BINANCE,ETHUSDT,SELL,2963.8,0.091
1715247466613,1715247466688113000,BINANCE,ETHUSDT,BUY,2963.81,0.05
1715247466789,1715247466791777000,BINANCE,ETHUSDT,SELL,2963.8,0.151
1715247466866,1715247466916025000,BINANCE,ETHUSDT,BUY,2963.81,0.002
1715247466992,1715247467067961000,BINANCE,ETHUSDT,BUY,2963.81,0.067
1715247467148,1715247467080722000,BINANCE,ETHUSDT,BUY,2963.81,17.361
1715247467156,1715247467080750000,BINANCE,ETHUSDT,SELL,2963.8,0.966
1715247467156,1715247467080777000,BINANCE,ETHUSDT,SELL,2963.78,0.1
1715247467156,1715247467080801000,BINANCE,ETHUSDT,SELL,2963.77,0.075
1715247467156,1715247467092390000,BINANCE,ETHUSDT,SELL,2963.73,1.198
1715247467167,1715247467092417000,BINANCE,ETHUSDT,SELL,2963.72,0.007
1715247467167,1715247467242741000,BINANCE,ETHUSDT,SELL,2963.63,0.014
1715247467352,1715247467414824000,BINANCE,ETHUSDT,BUY,2963.57,1.053
1715247467490,1715247467426269000,BINANCE,ETHUSDT,SELL,2963.56,0.033
1715247467502,1715247467498710000,BINANCE,ETHUSDT,BUY,2963.57,0.034
1715247467574,1715247467498756000,BINANCE,ETHUSDT,SELL,2963.56,0.048
1715247467574,1715247467498791000,BINANCE,ETHUSDT,SELL,2963.52,0.007
1715247467574,1715247467498825000,BINANCE,ETHUSDT,SELL,2963.5,0.068
1715247467574,1715247467530892000,BINANCE,ETHUSDT,SELL,2963.48,0.01
1715247467606,1715247467607286000,BINANCE,ETHUSDT,BUY,2963.49,0.286
1715247467682,1715247467756831000,BINANCE,ETHUSDT,SELL,2963.48,0.098
1715247467842,1715247467768576000,BINANCE,ETHUSDT,SELL,2963.48,1
1715247467844,1715247467919028000,BINANCE,ETHUSDT,BUY,2963.49,7.06
1715247468035,1715247468073016000,BINANCE,ETHUSDT,BUY,2963.49,0.042
1715247468148,1715247468105251000,BINANCE,ETHUSDT,BUY,2963.49,0.171
1715247468182,1715247468105284000,BINANCE,ETHUSDT,SELL,2963.48,0.082
1715247468184,1715247468258464000,BINANCE,ETHUSDT,SELL,2963.47,0.03
1715247468355,1715247468278334000,BINANCE,ETHUSDT,SELL,2963.47,2.375
1715247468355,1715247468278815000,BINANCE,ETHUSDT,SELL,2963.45,1.649
1715247468355,1715247468278886000,BINANCE,ETHUSDT,SELL,2963.44,0.235
1715247468355,1715247468303900000,BINANCE,ETHUSDT,SELL,2963.42,0.018
1715247468380,1715247468311205000,BINANCE,ETHUSDT,SELL,2963.38,0.015
1715247468386,1715247468325846000,BINANCE,ETHUSDT,SELL,2963.37,0.008
1715247468401,1715247468476836000,BINANCE,ETHUSDT,BUY,2963.37,1.677
1715247468576,1715247468627010000,BINANCE,ETHUSDT,BUY,2963.37,2.001
1715247468703,1715247468776405000,BINANCE,ETHUSDT,SELL,2963.36,0.261
1715247469183,1715247469258469000,BINANCE,ETHUSDT,BUY,2963.37,0.055
1715247469490,1715247469542763000,BINANCE,ETHUSDT,BUY,2963.37,0.058
1715247469618,1715247469694438000,BINANCE,ETHUSDT,SELL,2963.36,0.073
1715247469819,1715247469753688000,BINANCE,ETHUSDT,SELL,2963.36,0.021
1715247469830,1715247469904944000,BINANCE,ETHUSDT,BUY,2963.37,0.471
1715247470082,1715247470157629000,BINANCE,ETHUSDT,BUY,2963.37,0.111
1715247470234,1715247470198040000,BINANCE,ETHUSDT,SELL,2963.36,0.012
1715247470275,1715247470305449000,BINANCE,ETHUSDT,BUY,2963.37,3.604
1715247470381,1715247470306911000,BINANCE,ETHUSDT,BUY,2963.37,12.706
1715247470384,1715247470306944000,BINANCE,ETHUSDT,BUY,2963.38,0.007
1715247470384,1715247470324907000,BINANCE,ETHUSDT,BUY,2963.48,0.014
1715247470400,1715247470350801000,BINANCE,ETHUSDT,SELL,2963.48,1.694
1715247470428,1715247470350822000,BINANCE,ETHUSDT,BUY,2963.49,0.275
1715247470428,1715247470350834000,BINANCE,ETHUSDT,BUY,2963.5,0.007
1715247470428,1715247470350846000,BINANCE,ETHUSDT,BUY,2963.57,0.022
1715247470428,1715247470350858000,BINANCE,ETHUSDT,BUY,2963.59,0.68
1715247470428,1715247470350870000,BINANCE,ETHUSDT,BUY,2963.63,0.673
1715247470428,1715247470350882000,BINANCE,ETHUSDT,BUY,2963.64,0.018
1715247470428,1715247470361225000,BINANCE,ETHUSDT,BUY,2963.67,0.325
1715247470436,1715247470509291000,BINANCE,ETHUSDT,BUY,2963.68,0.854
1715247470592,1715247470537289000,BINANCE,ETHUSDT,SELL,2963.67,0.007
1715247470613,1715247470668755000,BINANCE,ETHUSDT,BUY,2963.68,2.597
1715247470746,1715247470676718000,BINANCE,ETHUSDT,BUY,2963.68,0.073
1715247470751,1715247470816215000,BINANCE,ETHUSDT,SELL,2963.67,0.31
1715247470893,1715247470967562000,BINANCE,ETHUSDT,BUY,2963.68,5.609
1715247471136,1715247471126099000,BINANCE,ETHUSDT,BUY,2963.68,0.017
1715247471203,1715247471127542000,BINANCE,ETHUSDT,SELL,2963.67,0.473
1715247471204,1715247471241890000,BINANCE,ETHUSDT,BUY,2963.68,1.041
1715247471316,1715247471339270000,BINANCE,ETHUSDT,BUY,2963.68,5.278
1715247471414,1715247471339295000,BINANCE,ETHUSDT,BUY,2963.74,0.05
1715247471414,1715247471339316000,BINANCE,ETHUSDT,BUY,2963.78,1.118
1715247471414,1715247471339337000,BINANCE,ETHUSDT,BUY,2963.81,0.124
1715247471414,1715247471341714000,BINANCE,ETHUSDT,BUY,2963.83,0.007
1715247471414,1715247471341738000,BINANCE,ETHUSDT,BUY,2963.84,0.007
1715247471414,1715247471341759000,BINANCE,ETHUSDT,BUY,2963.86,0.124
1715247471414,1715247471341780000,BINANCE,ETHUSDT,BUY,2963.93,0.025
1715247471414,1715247471403746000,BINANCE,ETHUSDT,BUY,2963.94,0.545
1715247471479,1715247471403779000,BINANCE,ETHUSDT,SELL,2963.97,0.007
1715247471479,1715247471554136000,BINANCE,ETHUSDT,BUY,2963.98,0.01
1715247471799,1715247471723025000,BINANCE,ETHUSDT,SELL,2963.97,0.075
1715247471799,1715247471873310000,BINANCE,ETHUSDT,SELL,2963.94,0.075
1715247472335,1715247472259442000,BINANCE,ETHUSDT,BUY,2963.83,0.016
1715247472335,1715247472408258000,BINANCE,ETHUSDT,SELL,2963.82,0.01
1715247472500,1715247472574329000,BINANCE,ETHUSDT,BUY,2963.83,17.343
1715247472796,1715247472745230000,BINANCE,ETHUSDT,SELL,2963.82,0.549
1715247472821,1715247472752388000,BINANCE,ETHUSDT,BUY,2963.83,0.889
1715247472828,1715247472809959000,BINANCE,ETHUSDT,SELL,2963.82,2.262
1715247472884,1715247472957347000,BINANCE,ETHUSDT,BUY,2963.83,0.196
1715247473075,1715247473145583000,BINANCE,ETHUSDT,BUY,2963.83,0.337
1715247473222,1715247473294936000,BINANCE,ETHUSDT,SELL,2963.82,6.211
1715247473369,1715247473298483000,BINANCE,ETHUSDT,BUY,2963.83,0.888
1715247473375,1715247473298502000,BINANCE,ETHUSDT,BUY,2963.93,0.05
1715247473375,1715247473340038000,BINANCE,ETHUSDT,BUY,2963.94,0.132
1715247473417,1715247473382668000,BINANCE,ETHUSDT,SELL,2963.93,2.259
1715247473457,1715247473382729000,BINANCE,ETHUSDT,BUY,2963.94,11.573
1715247473457,1715247473382766000,BINANCE,ETHUSDT,BUY,2963.98,2.039
1715247473457,1715247473382805000,BINANCE,ETHUSDT,BUY,2963.99,0.841
1715247473457,1715247473382842000,BINANCE,ETHUSDT,BUY,2964,1.118
1715247473457,1715247473382879000,BINANCE,ETHUSDT,BUY,2964.02,0.011
1715247473457,1715247473382915000,BINANCE,ETHUSDT,BUY,2964.04,0.673
1715247473457,1715247473383012000,BINANCE,ETHUSDT,BUY,2964.07,0.007
1715247473457,1715247473383058000,BINANCE,ETHUSDT,BUY,2964.08,1.115
1715247473459,1715247473430100000,BINANCE,ETHUSDT,SELL,2964.07,0.845
1715247473507,1715247473489737000,BINANCE,ETHUSDT,BUY,2964.08,4.668
1715247473564,1715247473639379000,BINANCE,ETHUSDT,SELL,2964.07,0.146
1715247473817,1715247473892424000,BINANCE,ETHUSDT,BUY,2964.08,3.362
1715247474158,1715247474231196000,BINANCE,ETHUSDT,SELL,2964.07,0.182
1715247474400,1715247474478593000,BINANCE,ETHUSDT,BUY,2964.08,4.802
1715247474554,1715247474478638000,BINANCE,ETHUSDT,BUY,2964.08,0.769
1715247474554,1715247474485064000,BINANCE,ETHUSDT,BUY,2964.14,1.904
1715247474554,1715247474485107000,BINANCE,ETHUSDT,BUY,2964.16,0.007
1715247474554,1715247474485141000,BINANCE,ETHUSDT,BUY,2964.19,0.673
1715247474554,1715247474485175000,BINANCE,ETHUSDT,BUY,2964.2,0.673
1715247474554,1715247474485209000,BINANCE,ETHUSDT,BUY,2964.22,0.05
1715247474554,1715247474485242000,BINANCE,ETHUSDT,BUY,2964.23,0.673
1715247474554,1715247474485276000,BINANCE,ETHUSDT,BUY,2964.25,0.007
1715247474554,1715247474485313000,BINANCE,ETHUSDT,BUY,2964.26,0.767
1715247474554,1715247474485361000,BINANCE,ETHUSDT,BUY,2964.27,0.673
1715247474554,1715247474485402000,BINANCE,ETHUSDT,BUY,2964.28,0.008
1715247474554,1715247474485437000,BINANCE,ETHUSDT,BUY,2964.3,1.696
1715247474554,1715247474485472000,BINANCE,ETHUSDT,BUY,2964.31,0.693
1715247474554,1715247474485506000,BINANCE,ETHUSDT,BUY,2964.32,0.007
1715247474554,1715247474485543000,BINANCE,ETHUSDT,BUY,2964.33,0.014
1715247474554,1715247474485577000,BINANCE,ETHUSDT,BUY,2964.34,2.939
1715247474554,1715247474485611000,BINANCE,ETHUSDT,BUY,2964.35,0.722
1715247474554,1715247474485645000,BINANCE,ETHUSDT,BUY,2964.36,7.412
1715247474554,1715247474485679000,BINANCE,ETHUSDT,BUY,2964.39,1.195
1715247474554,1715247474485712000,BINANCE,ETHUSDT,BUY,2964.4,0.015
1715247474554,1715247474485746000,BINANCE,ETHUSDT,BUY,2964.43,3.383
1715247474554,1715247474485780000,BINANCE,ETHUSDT,BUY,2964.44,3.408
1715247474554,1715247474485824000,BINANCE,ETHUSDT,BUY,2964.45,5.751
1715247474554,1715247474485859000,BINANCE,ETHUSDT,BUY,2964.46,2.519
1715247474554,1715247474485893000,BINANCE,ETHUSDT,BUY,2964.47,2.2
1715247474554,1715247474485928000,BINANCE,ETHUSDT,BUY,2964.48,13.706
1715247474554,1715247474485962000,BINANCE,ETHUSDT,BUY,2964.5,0.028
1715247474554,1715247474485996000,BINANCE,ETHUSDT,BUY,2964.51,3.372
1715247474554,1715247474486039000,BINANCE,ETHUSDT,BUY,2964.52,0.888
1715247474554,1715247474486074000,BINANCE,ETHUSDT,BUY,2964.53,0.647
1715247474554,1715247474486108000,BINANCE,ETHUSDT,BUY,2964.54,0.008
1715247474554,1715247474486158000,BINANCE,ETHUSDT,BUY,2964.56,0.029
