timestamp,local_timestamp,exchange,symbol,ask_1_price,ask_1_qty,ask_2_price,ask_2_qty,ask_3_price,ask_3_qty,ask_4_price,ask_4_qty,ask_5_price,ask_5_qty,ask_6_price,ask_6_qty,ask_7_price,ask_7_qty,ask_8_price,ask_8_qty,ask_9_price,ask_9_qty,ask_10_price,ask_10_qty,bid_1_price,bid_1_qty,bid_2_price,bid_2_qty,bid_3_price,bid_3_qty,bid_4_price,bid_4_qty,bid_5_price,bid_5_qty,bid_6_price,bid_6_qty,bid_7_price,bid_7_qty,bid_8_price,bid_8_qty,bid_9_price,bid_9_qty,bid_10_price,bid_10_qty
1715247432325,1715247432257011000,BINANCE,SOLUSDT,141.974,3,141.976,31,141.977,28,141.978,1,141.979,3,141.982,14,141.983,20,141.985,27,141.986,10,141.987,3,141.973,35,141.972,49,141.971,36,141.968,17,141.964,23,141.962,29,141.961,12,141.96,27,141.958,4,141.957,50
1715247432577,1715247432508397000,BINANCE,SOLUSDT,141.956,18,141.958,10,141.96,20,141.961,3,141.964,18,141.97,1,141.971,11,141.972,19,141.973,15,141.974,13,141.955,2,141.953,3,141.95,2,141.947,12,141.946,1,141.945,7,141.944,34,141.943,10,141.941,18,141.94,15
1715247432829,1715247432775308000,BINANCE,SOLUSDT,141.9,57,141.901,7,141.902,1,141.905,19,141.906,18,141.911,42,141.913,3,141.915,2,141.916,1,141.917,35,141.898,1,141.896,2,141.895,3,141.894,53,141.893,1,141.892,11,141.891,2,141.89,53,141.889,10,141.888,2167
1715247433085,1715247433022045000,BINANCE,SOLUSDT,141.907,4,141.914,11,141.916,17,141.917,17,141.918,17,141.919,17,141.921,12,141.922,2,141.923,2,141.926,1,141.905,19,141.904,18,141.891,14,141.89,67,141.889,198,141.888,670,141.887,57,141.886,5,141.885,26,141.884,18
1715247433337,1715247433284872000,BINANCE,SOLUSDT,141.908,1,141.921,3,141.922,4,141.925,3,141.928,72,141.929,25,141.93,122,141.931,43,141.932,22,141.933,23,141.907,102,141.906,60,141.905,26,141.904,1,141.9,10,141.899,2,141.898,5,141.897,10,141.896,2,141.895,7
1715247433589,1715247433539720000,BINANCE,SOLUSDT,141.951,54,141.952,1,141.956,1,141.957,11,141.958,11,141.959,8,141.96,5,141.961,12,141.962,7,141.964,3,141.95,57,141.949,95,141.948,60,141.947,77,141.946,46,141.945,4,141.944,16,141.943,3,141.942,3,141.941,2
1715247433841,1715247433772570000,BINANCE,SOLUSDT,141.956,144,141.957,35,141.958,1,141.959,15,141.96,5,141.961,8,141.962,7,141.964,29,141.967,3,141.968,3,141.955,5,141.954,3,141.952,3,141.949,7,141.948,15,141.947,65,141.946,21,141.944,18,141.943,3,141.942,3
1715247434099,1715247434038843000,BINANCE,SOLUSDT,141.93,28,141.938,13,141.944,10,141.945,63,141.946,21,141.948,16,141.949,11,141.95,1,141.952,3,141.953,10,141.929,78,141.928,4,141.927,20,141.926,69,141.925,24,141.924,56,141.92,31,141.919,28,141.918,18,141.917,1
1715247434348,1715247434286397000,BINANCE,SOLUSDT,141.95,1,141.952,74,141.953,26,141.955,44,141.956,5,141.957,35,141.958,1,141.959,3,141.96,5,141.961,8,141.949,40,141.947,18,141.946,3,141.945,18,141.944,28,141.93,1,141.929,9,141.925,17,141.924,20,141.92,12
1715247434603,1715247434544916000,BINANCE,SOLUSDT,141.938,19,141.939,28,141.94,17,141.944,1,141.946,29,141.948,28,141.949,37,141.95,3,141.952,17,141.953,1,141.937,18,141.935,17,141.934,23,141.932,24,141.931,18,141.93,36,141.929,18,141.919,1,141.915,23,141.914,1
1715247434866,1715247434793173000,BINANCE,SOLUSDT,141.936,84,141.938,77,141.94,17,141.944,3,141.946,1,141.947,19,141.948,28,141.949,37,141.95,3,141.951,2,141.935,16,141.934,20,141.932,24,141.931,18,141.93,18,141.929,18,141.919,1,141.915,23,141.914,1,141.912,26
1715247435121,1715247435049248000,BINANCE,SOLUSDT,141.936,34,141.937,1,141.938,28,141.94,17,141.944,18,141.946,1,141.947,17,141.948,28,141.949,37,141.95,2,141.935,40,141.934,20,141.932,21,141.931,18,141.93,18,141.929,18,141.928,3,141.922,3,141.919,1,141.915,23
1715247435390,1715247435320076000,BINANCE,SOLUSDT,141.956,40,141.957,35,141.959,3,141.96,5,141.961,8,141.962,34,141.963,59,141.964,13,141.965,3,141.966,4,141.955,42,141.952,3,141.95,24,141.949,20,141.948,21,141.947,18,141.946,26,141.943,10,141.94,3,141.939,18
1715247435643,1715247435570620000,BINANCE,SOLUSDT,141.95,85,141.952,23,141.954,20,141.955,33,141.956,36,141.957,35,141.96,8,141.961,13,141.962,34,141.963,59,141.949,13,141.948,20,141.947,18,141.946,16,141.94,3,141.937,2,141.936,45,141.935,59,141.934,4,141.929,4
1715247435888,1715247435821627000,BINANCE,SOLUSDT,141.947,37,141.948,16,141.949,22,141.95,6,141.952,19,141.954,17,141.955,30,141.956,35,141.957,35,141.958,1,141.946,21,141.94,3,141.937,2,141.936,45,141.935,54,141.934,4,141.929,4,141.928,3,141.925,11,141.924,4
1715247436154,1715247436092879000,BINANCE,SOLUSDT,141.903,1,141.904,20,141.905,15,141.908,16,141.91,1,141.912,19,141.913,3,141.914,24,141.915,2,141.916,20,141.902,1,141.901,44,141.9,50,141.898,1,141.895,1,141.892,2,141.891,13,141.89,100,141.889,2,141.888,662
1715247436406,1715247436341200000,BINANCE,SOLUSDT,141.907,3,141.912,25,141.914,28,141.915,18,141.916,11,141.918,13,141.919,3,141.92,1,141.922,15,141.924,13,141.906,48,141.905,14,141.904,3,141.903,21,141.902,1,141.901,1,141.9,50,141.898,1,141.895,1,141.893,1
1715247436652,1715247436586488000,BINANCE,SOLUSDT,141.91,36,141.912,14,141.913,14,141.914,23,141.915,18,141.916,4,141.918,13,141.919,3,141.92,17,141.922,16,141.909,22,141.905,1,141.904,16,141.902,1,141.901,22,141.9,50,141.898,8,141.895,5,141.891,13,141.89,14
1715247436924,1715247436860688000,BINANCE,SOLUSDT,141.91,25,141.912,11,141.913,11,141.914,18,141.915,18,141.916,1,141.918,13,141.919,3,141.92,1,141.922,13,141.909,114,141.908,16,141.905,1,141.904,19,141.902,1,141.901,22,141.9,50,141.898,8,141.895,5,141.891,13
1715247437205,1715247437141462000,BINANCE,SOLUSDT,141.932,24,141.933,8,141.934,3,141.937,5,141.94,16,141.942,19,141.943,44,141.944,3,141.946,3,141.947,3,141.931,47,141.93,5,141.929,42,141.928,19,141.927,35,141.926,2,141.925,3,141.924,77,141.923,43,141.922,1968
1715247437463,1715247437391253000,BINANCE,SOLUSDT,141.952,157,141.953,175,141.954,6,141.955,5,141.957,1,141.958,41,141.959,134,141.96,16,141.961,13,141.962,34,141.951,18,141.946,10,141.944,10,141.943,2,141.94,3,141.937,3,141.936,30,141.934,20,141.933,10,141.932,16
1715247437714,1715247437644883000,BINANCE,SOLUSDT,141.952,171,141.953,175,141.954,7,141.955,7,141.956,1,141.957,1,141.958,41,141.959,151,141.96,57,141.961,11,141.951,2,141.944,10,141.943,2,141.936,12,141.934,1,141.933,10,141.931,23,141.928,3,141.926,15,141.925,92
1715247437975,1715247437902335000,BINANCE,SOLUSDT,141.926,4,141.93,3,141.931,3,141.932,17,141.934,3,141.936,3,141.937,3,141.938,1,141.94,3,141.941,2,141.925,16,141.924,1,141.923,24,141.922,1200,141.921,1,141.919,1,141.916,3,141.915,6,141.912,3,141.91,3
1715247438227,1715247438158022000,BINANCE,SOLUSDT,141.954,4,141.955,2,141.956,1,141.957,2,141.958,37,141.96,44,141.961,8,141.962,28,141.963,84,141.964,27,141.952,10,141.95,16,141.949,52,141.948,36,141.946,3,141.943,38,141.942,31,141.94,19,141.938,1,141.937,18
1715247438479,1715247438414570000,BINANCE,SOLUSDT,141.925,166,141.926,1,141.927,8,141.928,28,141.93,4,141.931,19,141.932,38,141.934,3,141.936,45,141.937,3,141.924,7,141.922,1199,141.921,1,141.919,1,141.916,3,141.914,1,141.913,3,141.912,3,141.911,6,141.91,3
1715247438737,1715247438664858000,BINANCE,SOLUSDT,141.923,149,141.924,52,141.925,13,141.926,1,141.927,4,141.928,31,141.93,4,141.931,13,141.932,39,141.934,3,141.922,1201,141.921,1,141.919,1,141.911,6,141.91,1,141.909,3,141.908,9,141.907,1,141.906,1,141.902,2
1715247438994,1715247438924089000,BINANCE,SOLUSDT,141.922,45,141.923,2,141.926,65,141.928,5,141.929,4,141.93,1,141.931,3,141.932,3,141.934,6,141.936,6,141.921,42,141.918,37,141.917,47,141.916,6,141.915,36,141.914,36,141.913,32,141.912,3,141.911,26,141.91,18
1715247439251,1715247439181725000,BINANCE,SOLUSDT,141.922,47,141.923,2,141.924,20,141.925,30,141.926,66,141.928,8,141.929,4,141.93,1,141.931,3,141.932,4,141.921,49,141.918,19,141.917,19,141.915,29,141.914,18,141.913,29,141.91,14,141.908,3,141.907,11,141.906,1
1715247439565,1715247439501303000,BINANCE,SOLUSDT,141.922,40,141.923,2,141.924,17,141.925,27,141.926,66,141.928,2,141.929,4,141.93,1,141.931,3,141.932,21,141.921,30,141.916,6,141.915,29,141.914,18,141.913,32,141.912,3,141.91,13,141.908,3,141.907,3,141.906,1
1715247439831,1715247439759786000,BINANCE,SOLUSDT,141.922,14,141.923,2,141.924,17,141.925,27,141.926,66,141.927,14,141.928,5,141.929,4,141.93,4,141.931,3,141.921,56,141.916,6,141.915,19,141.914,18,141.913,32,141.912,3,141.91,14,141.908,3,141.907,3,141.906,1
1715247440084,1715247440015139000,BINANCE,SOLUSDT,141.905,2,141.906,11,141.908,17,141.91,1,141.913,69,141.914,67,141.915,9,141.916,17,141.918,1,141.919,9,141.904,16,141.902,2,141.901,66,141.9,1004,141.898,3,141.896,4,141.895,3,141.892,6,141.89,3,141.889,3
1715247440335,1715247440265929000,BINANCE,SOLUSDT,141.919,35,141.92,47,141.922,12,141.923,2,141.924,3,141.925,30,141.926,65,141.928,8,141.929,4,141.93,4,141.918,3,141.91,3,141.908,3,141.907,3,141.906,1,141.905,17,141.904,34,141.902,1,141.901,66,141.9,1004
1715247440577,1715247440516009000,BINANCE,SOLUSDT,141.919,41,141.92,35,141.922,16,141.923,2,141.924,4,141.925,30,141.926,65,141.928,8,141.929,18,141.93,4,141.918,14,141.906,1,141.905,15,141.904,13,141.902,3,141.901,63,141.9,1001,141.898,3,141.896,4,141.895,3
1715247440847,1715247440773875000,BINANCE,SOLUSDT,141.919,11,141.92,18,141.922,3,141.923,2,141.924,3,141.925,30,141.926,65,141.928,5,141.929,18,141.93,7,141.918,28,141.914,3,141.913,3,141.912,3,141.91,15,141.908,16,141.907,36,141.906,4,141.905,15,141.904,16
1715247441091,1715247441031323000,BINANCE,SOLUSDT,141.919,38,141.92,21,141.922,6,141.923,2,141.924,3,141.925,30,141.926,68,141.928,5,141.929,4,141.93,7,141.918,18,141.91,3,141.908,11,141.907,22,141.906,4,141.905,15,141.904,16,141.903,2,141.902,5,141.901,66
1715247441375,1715247441314184000,BINANCE,SOLUSDT,141.889,145,141.89,2,141.891,12,141.892,17,141.896,1,141.898,1,141.899,22,141.9,6,141.901,67,141.902,4,141.888,49,141.887,1,141.886,8,141.885,26,141.884,3,141.883,3,141.882,6,141.881,25,141.88,509,141.879,1
1715247441630,1715247441583290000,BINANCE,SOLUSDT,141.959,4,141.965,1,141.968,3,141.971,6,141.974,103,141.975,120,141.976,64,141.977,3,141.978,8,141.979,23,141.958,94,141.956,18,141.955,3,141.954,7,141.953,19,141.952,31,141.95,10,141.949,3,141.948,3,141.946,5
1715247441882,1715247441812358000,BINANCE,SOLUSDT,141.957,84,141.958,19,141.959,42,141.96,18,141.962,101,141.963,41,141.964,28,141.965,42,141.966,3,141.967,3,141.956,1,141.955,1,141.952,10,141.951,2,141.95,2,141.946,5,141.945,2,141.944,25,141.943,8,141.942,5
1715247442134,1715247442060927000,BINANCE,SOLUSDT,141.957,85,141.958,19,141.959,19,141.96,18,141.961,3,141.962,101,141.963,41,141.964,28,141.965,42,141.966,3,141.956,1,141.952,2,141.95,2,141.946,4,141.945,2,141.943,12,141.942,5,141.941,12,141.94,21,141.938,11
1715247442386,1715247442319524000,BINANCE,SOLUSDT,141.957,20,141.962,35,141.963,22,141.965,8,141.968,20,141.97,1,141.971,6,141.972,3,141.973,3,141.974,11,141.956,35,141.955,3,141.954,3,141.952,5,141.95,4,141.949,19,141.948,31,141.946,4,141.945,2,141.944,13
1715247442640,1715247442569178000,BINANCE,SOLUSDT,141.957,7,141.959,2,141.96,3,141.963,1,141.968,3,141.971,6,141.972,3,141.973,3,141.974,11,141.976,1,141.956,72,141.955,4,141.954,3,141.952,6,141.95,2,141.949,22,141.948,20,141.946,4,141.944,2,141.943,5
1715247442889,1715247442817821000,BINANCE,SOLUSDT,141.945,15,141.947,11,141.948,42,141.949,7,141.952,1,141.954,11,141.955,3,141.956,29,141.957,8,141.958,1,141.944,31,141.943,2,141.942,18,141.94,20,141.938,11,141.937,3,141.936,3,141.935,11,141.933,2,141.932,18
1715247443145,1715247443084414000,BINANCE,SOLUSDT,141.979,61,141.98,3,141.981,8,141.982,7,141.983,17,141.984,2,141.985,3,141.986,10,141.987,10,141.989,16,141.978,2,141.977,2,141.972,17,141.971,47,141.97,8,141.968,40,141.967,8,141.965,2,141.964,18,141.962,1
1715247443397,1715247443325259000,BINANCE,SOLUSDT,141.977,37,141.978,45,141.979,21,141.98,3,141.981,8,141.982,7,141.984,2,141.985,3,141.986,10,141.989,16,141.976,132,141.973,13,141.972,5,141.971,11,141.97,4,141.968,40,141.967,3,141.966,3,141.964,21,141.963,6
1715247443648,1715247443577178000,BINANCE,SOLUSDT,141.977,37,141.978,29,141.979,21,141.98,3,141.981,8,141.982,7,141.984,5,141.985,6,141.986,10,141.989,27,141.976,135,141.973,10,141.971,11,141.97,4,141.969,2,141.968,40,141.967,3,141.966,3,141.964,21,141.963,2
1715247443903,1715247443837525000,BINANCE,SOLUSDT,141.956,15,141.957,6,141.958,93,141.959,90,141.96,20,141.961,3,141.962,20,141.963,19,141.964,1,141.965,96,141.955,10,141.951,2,141.95,1,141.948,2,141.947,7,141.945,2,141.944,1,141.943,9,141.94,4,141.938,1
1715247444155,1715247444081428000,BINANCE,SOLUSDT,141.951,80,141.952,19,141.955,19,141.956,29,141.957,19,141.958,39,141.959,48,141.961,3,141.964,1,141.966,16,141.95,25,141.948,17,141.947,1,141.946,3,141.944,1,141.943,12,141.942,3,141.94,4,141.938,3,141.937,3
1715247444407,1715247444348937000,BINANCE,SOLUSDT,141.979,55,141.98,2,141.981,1,141.984,5,141.985,6,141.986,4,141.988,4,141.989,13,141.99,6,141.991,3,141.978,40,141.977,2,141.976,19,141.975,11,141.973,10,141.972,17,141.971,11,141.97,30,141.969,19,141.968,27
1715247444659,1715247444591222000,BINANCE,SOLUSDT,141.979,16,141.98,2,141.981,1,141.984,2,141.985,3,141.986,3,141.987,1,141.988,11,141.989,13,141.99,3,141.978,94,141.977,12,141.976,21,141.973,3,141.972,3,141.971,48,141.97,14,141.969,56,141.968,1,141.967,3
1715247444915,1715247444843917000,BINANCE,SOLUSDT,141.984,13,141.985,3,141.989,13,141.992,28,141.994,1,141.996,2,141.997,3,141.998,16,141.999,16,142,18,141.983,150,141.982,4,141.981,29,141.98,37,141.979,41,141.978,13,141.977,12,141.976,21,141.974,1,141.973,3
1715247445174,1715247445112413000,BINANCE,SOLUSDT,141.996,35,141.998,6,141.999,34,142,19,142.001,7,142.002,75,142.003,44,142.004,4,142.006,45,142.007,1,141.995,23,141.994,1,141.993,10,141.992,37,141.991,10,141.989,31,141.988,21,141.986,1,141.984,20,141.983,3
1715247445434,1715247445363776000,BINANCE,SOLUSDT,141.987,2,141.99,2,141.995,15,141.996,9,141.997,6,141.998,6,141.999,13,142,22,142.001,7,142.002,3,141.986,44,141.985,8,141.984,17,141.983,3,141.982,4,141.98,1,141.979,3,141.978,14,141.977,13,141.976,4
1715247445684,1715247445618249000,BINANCE,SOLUSDT,142,46,142.003,27,142.004,38,142.005,6,142.006,3,142.007,1,142.008,3,142.009,3,142.01,4,142.012,28,141.999,20,141.996,19,141.995,75,141.994,1,141.992,1,141.99,17,141.989,14,141.988,25,141.987,22,141.986,19
1715247445969,1715247445897144000,BINANCE,SOLUSDT,141.996,132,141.997,3,142,10,142.002,3,142.003,42,142.004,38,142.005,6,142.006,4,142.007,1,142.008,20,141.995,31,141.992,1,141.988,5,141.987,20,141.986,19,141.985,3,141.984,20,141.983,2,141.982,4,141.98,1
1715247446217,1715247446148496000,BINANCE,SOLUSDT,141.996,148,141.997,3,142,10,142.001,4,142.002,3,142.003,42,142.004,39,142.005,6,142.006,7,142.007,1,141.995,47,141.988,2,141.987,11,141.986,11,141.985,11,141.984,3,141.983,2,141.982,4,141.98,12,141.979,22
1715247446479,1715247446409333000,BINANCE,SOLUSDT,141.996,64,142.002,13,142.003,28,142.004,19,142.005,3,142.006,4,142.007,1,142.008,3,142.009,3,142.01,4,141.995,42,141.994,3,141.992,17,141.991,3,141.99,3,141.988,20,141.987,11,141.986,11,141.985,14,141.984,3
1715247446739,1715247446675353000,BINANCE,SOLUSDT,141.969,50,141.971,9,141.972,26,141.973,3,141.974,29,141.975,1,141.976,41,141.977,67,141.978,33,141.979,3,141.968,35,141.964,4,141.962,2,141.96,32,141.958,4,141.957,35,141.956,1,141.955,18,141.954,4,141.952,4
1715247447002,1715247446932039000,BINANCE,SOLUSDT,141.958,47,141.96,16,141.961,4,141.963,18,141.964,52,141.965,30,141.966,3,141.967,23,141.968,31,141.97,4,141.957,18,141.956,1,141.954,1,141.953,1,141.95,1,141.948,9,141.947,1,141.946,4,141.945,11,141.944,11
1715247447257,1715247447187850000,BINANCE,SOLUSDT,141.95,6,141.953,21,141.956,1,141.961,1,141.962,1,141.963,16,141.964,1,141.965,10,141.966,25,141.967,3,141.949,38,141.948,3,141.946,99,141.945,10,141.944,18,141.943,3,141.942,26,141.941,28,141.94,4,141.939,18
1715247447508,1715247447440961000,BINANCE,SOLUSDT,141.95,48,141.952,16,141.956,1,141.958,12,141.961,4,141.962,12,141.963,16,141.964,4,141.965,25,141.966,28,141.949,83,141.947,31,141.946,93,141.944,2,141.943,3,141.942,3,141.94,1,141.939,8,141.938,1,141.935,4
1715247447756,1715247447690128000,BINANCE,SOLUSDT,141.95,36,141.952,16,141.955,3,141.956,1,141.958,12,141.96,3,141.961,4,141.962,12,141.963,2,141.964,33,141.949,83,141.947,31,141.946,93,141.944,2,141.943,3,141.942,3,141.941,5,141.94,1,141.939,8,141.938,1
1715247448024,1715247447954634000,BINANCE,SOLUSDT,141.968,67,141.97,6,141.972,3,141.973,3,141.976,40,141.977,102,141.978,14,141.979,8,141.98,326,141.982,4,141.967,19,141.961,5,141.96,16,141.958,1,141.956,17,141.955,2,141.952,20,141.951,18,141.95,1,141.949,100
1715247448298,1715247448245075000,BINANCE,SOLUSDT,141.968,73,141.97,3,141.972,3,141.973,3,141.974,1,141.976,22,141.977,102,141.978,14,141.979,3,141.98,326,141.967,18,141.961,5,141.96,3,141.959,7,141.958,5,141.957,20,141.956,20,141.955,3,141.954,3,141.953,7
1715247448550,1715247448495180000,BINANCE,SOLUSDT,141.947,218,141.948,3,141.949,3,141.95,123,141.951,20,141.952,36,141.954,1,141.955,3,141.956,45,141.958,4,141.946,78,141.944,2,141.939,8,141.938,1,141.935,4,141.934,7,141.932,17,141.931,15,141.93,1,141.929,8
1715247448811,1715247448750188000,BINANCE,SOLUSDT,141.932,107,141.933,17,141.934,4,141.935,15,141.936,3,141.937,3,141.938,1,141.939,15,141.94,14,141.941,11,141.931,30,141.93,1,141.928,16,141.927,1,141.924,1,141.922,1,141.92,7,141.918,1,141.916,8,141.915,7
1715247449084,1715247449020314000,BINANCE,SOLUSDT,141.912,184,141.913,58,141.914,52,141.915,40,141.916,30,141.918,61,141.919,3,141.92,4,141.921,24,141.922,14,141.911,34,141.908,16,141.906,6,141.903,25,141.901,6,141.9,77,141.898,3,141.896,10,141.895,14,141.894,1
1715247449347,1715247449276592000,BINANCE,SOLUSDT,141.901,98,141.902,1,141.903,10,141.906,68,141.907,29,141.908,4,141.909,50,141.91,7,141.912,13,141.913,3,141.9,87,141.895,11,141.894,1,141.893,6,141.892,7,141.89,1,141.889,4,141.888,35,141.887,7,141.886,9
1715247449614,1715247449550062000,BINANCE,SOLUSDT,141.921,21,141.922,20,141.923,20,141.924,20,141.926,1,141.928,7,141.929,2,141.93,4,141.931,3,141.932,5,141.92,50,141.919,3,141.916,22,141.914,1,141.913,3,141.912,19,141.91,4,141.909,1,141.908,3,141.907,54
1715247449870,1715247449800960000,BINANCE,SOLUSDT,141.922,2,141.93,1,141.932,2,141.933,15,141.938,1,141.943,5,141.944,4,141.946,6,141.947,14,141.948,16,141.921,104,141.92,36,141.919,3,141.918,1,141.917,12,141.916,22,141.914,2,141.913,3,141.912,19,141.91,4
1715247450127,1715247450063851000,BINANCE,SOLUSDT,141.937,58,141.939,17,141.94,40,141.941,15,141.943,5,141.944,4,141.946,7,141.949,19,141.95,7,141.951,2,141.936,30,141.932,16,141.931,19,141.93,12,141.929,10,141.928,6,141.926,1,141.925,3,141.924,3,141.923,28
1715247450382,1715247450321632000,BINANCE,SOLUSDT,141.937,23,141.944,1,141.946,3,141.949,16,141.95,7,141.951,2,141.952,17,141.953,42,141.954,42,141.955,130,141.936,66,141.934,4,141.932,19,141.931,22,141.93,12,141.928,6,141.926,2,141.925,3,141.924,3,141.923,28
1715247450665,1715247450599727000,BINANCE,SOLUSDT,141.937,1,141.944,1,141.945,15,141.946,3,141.949,16,141.95,7,141.951,2,141.954,8,141.955,7,141.957,2,141.936,74,141.934,4,141.932,19,141.931,22,141.93,12,141.928,6,141.926,2,141.925,3,141.924,3,141.923,28
1715247450929,1715247450858974000,BINANCE,SOLUSDT,141.937,28,141.944,1,141.945,11,141.946,14,141.947,15,141.949,19,141.95,8,141.951,2,141.952,3,141.953,24,141.936,47,141.934,4,141.932,19,141.931,23,141.93,12,141.928,6,141.927,1,141.926,2,141.925,3,141.924,3
1715247451194,1715247451127010000,BINANCE,SOLUSDT,141.937,39,141.943,3,141.944,1,141.945,11,141.946,15,141.947,15,141.948,3,141.949,19,141.95,8,141.951,2,141.936,23,141.934,4,141.933,10,141.932,19,141.931,4,141.93,1,141.928,6,141.927,1,141.926,2,141.925,3
1715247451434,1715247451378265000,BINANCE,SOLUSDT,141.937,42,141.94,3,141.942,1,141.943,3,141.944,3,141.945,11,141.946,15,141.947,16,141.948,3,141.949,19,141.936,26,141.933,10,141.932,16,141.931,1,141.93,1,141.928,22,141.927,1,141.926,1,141.925,3,141.924,3
1715247451681,1715247451624931000,BINANCE,SOLUSDT,141.928,95,141.93,43,141.931,54,141.932,42,141.933,42,141.934,43,141.935,68,141.936,170,141.937,459,141.938,3,141.927,14,141.926,3,141.925,3,141.924,19,141.922,3,141.921,8,141.92,5,141.919,3,141.918,3,141.916,3
1715247451962,1715247451906287000,BINANCE,SOLUSDT,141.928,69,141.93,43,141.931,46,141.932,45,141.933,42,141.934,43,141.935,22,141.936,173,141.937,430,141.938,1,141.927,14,141.924,16,141.921,8,141.92,4,141.918,5,141.916,3,141.915,9,141.914,5,141.913,8,141.912,3
1715247452233,1715247452172590000,BINANCE,SOLUSDT,141.928,23,141.93,22,141.931,22,141.932,21,141.933,36,141.934,21,141.935,22,141.936,129,141.937,412,141.938,1,141.927,71,141.926,4,141.925,3,141.924,19,141.922,4,141.921,8,141.92,4,141.919,3,141.918,6,141.917,17
1715247452502,1715247452440836000,BINANCE,SOLUSDT,141.928,25,141.93,1,141.931,1,141.935,1,141.936,110,141.937,415,141.938,1,141.939,1,141.94,3,141.942,16,141.927,125,141.926,4,141.925,3,141.924,19,141.922,4,141.921,8,141.92,4,141.919,4,141.918,6,141.917,17
1715247452760,1715247452697473000,BINANCE,SOLUSDT,141.93,43,141.931,4,141.935,16,141.936,113,141.937,415,141.938,1,141.939,1,141.94,3,141.942,1,141.943,5,141.929,78,141.928,16,141.927,35,141.926,4,141.924,19,141.922,4,141.921,8,141.92,4,141.919,4,141.918,6
1715247453056,1715247452987877000,BINANCE,SOLUSDT,141.93,16,141.931,1,141.933,15,141.935,1,141.936,113,141.937,412,141.939,1,141.94,3,141.942,1,141.943,5,141.929,74,141.928,16,141.926,21,141.924,16,141.923,10,141.922,48,141.921,70,141.92,42,141.919,28,141.918,3
1715247453328,1715247453274341000,BINANCE,SOLUSDT,141.947,10,141.949,1,141.951,2,141.955,1,141.957,1,141.958,25,141.96,15,141.961,3,141.962,10,141.963,27,141.946,55,141.945,272,141.944,149,141.943,92,141.942,45,141.941,48,141.94,19,141.939,36,141.938,1,141.937,71
1715247453569,1715247453516078000,BINANCE,SOLUSDT,141.955,37,141.957,4,141.96,3,141.962,10,141.963,1,141.965,15,141.966,1,141.967,3,141.968,28,141.969,11,141.954,82,141.952,19,141.951,21,141.95,12,141.949,31,141.948,19,141.947,63,141.946,65,141.945,51,141.944,27
1715247453866,1715247453799591000,BINANCE,SOLUSDT,141.965,29,141.967,3,141.968,25,141.97,7,141.971,49,141.972,7,141.973,3,141.974,11,141.976,18,141.978,6,141.964,81,141.963,22,141.962,54,141.961,3,141.96,59,141.959,50,141.958,4,141.957,59,141.956,73,141.955,55
1715247454125,1715247454057390000,BINANCE,SOLUSDT,141.965,39,141.967,3,141.968,25,141.97,8,141.971,49,141.972,7,141.973,3,141.974,12,141.976,18,141.978,6,141.964,89,141.963,21,141.962,33,141.961,3,141.96,59,141.959,30,141.958,4,141.957,59,141.956,73,141.955,55
1715247454384,1715247454310799000,BINANCE,SOLUSDT,141.946,57,141.95,1,141.952,16,141.955,3,141.956,3,141.958,4,141.959,1,141.96,124,141.961,78,141.962,4,141.945,17,141.944,20,141.943,24,141.942,47,141.94,96,141.939,1,141.938,12,141.937,13,141.936,19,141.935,21
1715247454639,1715247454569366000,BINANCE,SOLUSDT,141.958,147,141.959,21,141.96,17,141.961,3,141.962,1,141.963,1,141.964,4,141.966,4,141.967,7,141.968,4,141.957,10,141.956,16,141.954,3,141.953,10,141.952,19,141.951,28,141.95,10,141.949,3,141.948,20,141.947,11
1715247454900,1715247454830552000,BINANCE,SOLUSDT,141.946,133,141.947,20,141.948,16,141.949,23,141.95,4,141.951,59,141.952,58,141.953,20,141.954,42,141.955,45,141.945,18,141.943,10,141.942,44,141.94,93,141.939,1,141.938,12,141.937,13,141.936,16,141.935,11,141.934,6
1715247455165,1715247455095211000,BINANCE,SOLUSDT,141.926,181,141.927,43,141.928,3,141.929,69,141.93,55,141.931,42,141.932,19,141.933,3,141.934,99,141.935,67,141.925,11,141.924,18,141.923,2,141.922,39,141.92,79,141.919,1,141.916,14,141.915,9,141.91,1,141.909,35
1715247455419,1715247455350244000,BINANCE,SOLUSDT,141.926,226,141.927,44,141.928,48,141.929,43,141.93,44,141.931,42,141.932,19,141.933,3,141.934,59,141.935,67,141.925,5,141.923,1,141.921,11,141.92,79,141.919,1,141.916,2,141.915,9,141.914,6,141.911,1,141.91,2
1715247455678,1715247455608215000,BINANCE,SOLUSDT,141.926,63,141.927,41,141.928,48,141.929,43,141.93,41,141.931,41,141.932,19,141.933,35,141.934,44,141.935,62,141.925,17,141.924,16,141.923,1,141.922,3,141.921,29,141.92,82,141.919,1,141.918,3,141.917,3,141.916,21
1715247455936,1715247455865042000,BINANCE,SOLUSDT,141.921,125,141.922,83,141.923,41,141.924,63,141.925,43,141.926,60,141.927,41,141.928,21,141.929,43,141.93,44,141.92,83,141.919,1,141.916,2,141.915,10,141.914,6,141.913,2,141.911,1,141.91,3,141.909,35,141.908,3
1715247456194,1715247456120796000,BINANCE,SOLUSDT,141.921,24,141.923,1,141.926,23,141.927,21,141.928,32,141.929,40,141.93,41,141.931,1,141.933,3,141.934,1,141.92,108,141.919,1,141.918,4,141.917,3,141.916,21,141.915,10,141.914,10,141.913,5,141.912,3,141.911,1
1715247456451,1715247456380017000,BINANCE,SOLUSDT,141.926,3,141.931,1,141.935,1,141.936,3,141.937,3,141.938,2,141.939,1,141.94,3,141.941,3,141.942,4,141.925,53,141.924,21,141.923,31,141.922,15,141.921,73,141.92,98,141.919,2,141.918,4,141.917,3,141.916,5
1715247456717,1715247456647776000,BINANCE,SOLUSDT,141.939,6,141.943,23,141.946,15,141.947,1,141.949,1,141.951,1,141.952,15,141.953,1,141.955,49,141.956,65,141.938,74,141.937,3,141.936,19,141.934,1,141.933,3,141.93,56,141.929,3,141.928,3,141.927,1,141.926,55
1715247456976,1715247456904026000,BINANCE,SOLUSDT,141.939,16,141.942,1,141.943,8,141.946,1,141.947,1,141.949,1,141.95,18,141.951,16,141.952,15,141.953,1,141.938,40,141.937,3,141.936,22,141.934,4,141.933,3,141.932,3,141.931,1,141.93,5,141.929,3,141.928,19
1715247457253,1715247457180079000,BINANCE,SOLUSDT,141.939,52,141.94,3,141.941,3,141.942,4,141.943,8,141.944,3,141.945,3,141.946,4,141.947,16,141.948,20,141.938,30,141.935,19,141.934,21,141.932,19,141.931,1,141.93,4,141.929,3,141.928,19,141.927,1,141.926,13
1715247457513,1715247457440517000,BINANCE,SOLUSDT,141.939,81,141.94,3,141.941,3,141.942,4,141.943,8,141.944,3,141.945,3,141.946,8,141.947,30,141.948,20,141.938,23,141.935,19,141.932,16,141.931,1,141.93,3,141.929,3,141.928,19,141.927,1,141.926,14,141.925,22
1715247457734,1715247457692995000,BINANCE,SOLUSDT,141.939,83,141.94,3,141.941,3,141.942,4,141.943,8,141.944,3,141.945,7,141.946,4,141.947,30,141.948,20,141.938,10,141.936,16,141.935,19,141.934,3,141.932,16,141.931,1,141.93,3,141.929,3,141.928,19,141.927,1
1715247458056,1715247457988494000,BINANCE,SOLUSDT,141.939,136,141.94,19,141.941,3,141.942,4,141.943,8,141.944,3,141.945,3,141.946,4,141.947,30,141.948,20,141.938,3,141.931,1,141.927,1,141.926,1,141.925,11,141.923,11,141.922,2,141.921,57,141.92,79,141.919,2
1715247458313,1715247458242400000,BINANCE,SOLUSDT,141.922,34,141.924,25,141.925,3,141.927,5,141.928,3,141.929,77,141.93,4,141.931,83,141.932,5,141.933,3,141.921,10,141.92,79,141.919,2,141.918,3,141.917,3,141.916,3,141.915,10,141.914,11,141.913,5,141.912,3
1715247458568,1715247458496135000,BINANCE,SOLUSDT,141.937,40,141.938,3,141.939,7,141.94,3,141.941,3,141.942,3,141.943,15,141.944,3,141.945,3,141.946,3,141.936,20,141.935,1,141.934,42,141.932,16,141.931,4,141.93,4,141.929,3,141.928,42,141.926,1,141.925,3
1715247458834,1715247458765516000,BINANCE,SOLUSDT,141.937,62,141.938,4,141.939,7,141.94,3,141.941,16,141.942,19,141.943,15,141.944,3,141.945,3,141.946,3,141.936,29,141.935,1,141.932,16,141.931,1,141.93,4,141.929,14,141.928,34,141.926,1,141.925,3,141.924,19
1715247459090,1715247459021862000,BINANCE,SOLUSDT,141.959,90,141.96,3,141.961,3,141.962,3,141.964,27,141.965,10,141.967,49,141.968,1,141.97,17,141.971,3,141.958,22,141.956,16,141.954,1,141.953,1,141.952,16,141.951,1,141.95,12,141.949,52,141.948,16,141.947,1
1715247459343,1715247459280592000,BINANCE,SOLUSDT,141.937,78,141.938,4,141.939,50,141.94,3,141.941,3,141.942,4,141.943,1,141.944,121,141.945,43,141.946,65,141.936,22,141.932,16,141.93,4,141.929,25,141.928,18,141.926,3,141.925,3,141.924,19,141.923,1,141.922,36
1715247459592,1715247459526806000,BINANCE,SOLUSDT,141.946,1,141.95,20,141.951,16,141.952,15,141.953,49,141.955,2,141.956,63,141.957,50,141.958,3,141.959,46,141.945,46,141.944,50,141.943,68,141.942,59,141.941,3,141.94,19,141.939,1,141.938,44,141.937,43,141.936,61
1715247459848,1715247459787524000,BINANCE,SOLUSDT,141.923,79,141.924,19,141.925,3,141.927,1,141.928,4,141.929,4,141.93,3,141.931,16,141.932,20,141.933,18,141.922,6,141.916,3,141.914,3,141.913,15,141.911,1,141.91,1,141.909,61,141.907,1,141.904,8,141.901,1055
1715247460098,1715247460027747000,BINANCE,SOLUSDT,141.923,80,141.924,19,141.925,3,141.926,3,141.927,24,141.928,50,141.929,4,141.93,3,141.931,1,141.932,3,141.922,2,141.914,3,141.913,4,141.91,1,141.908,50,141.907,2,141.905,11,141.904,9,141.903,11,141.902,171
1715247460353,1715247460284972000,BINANCE,SOLUSDT,141.932,18,141.933,89,141.934,10,141.936,155,141.937,52,141.938,58,141.939,48,141.94,59,141.941,21,141.942,46,141.931,1,141.93,3,141.929,21,141.928,19,141.927,1,141.926,3,141.925,3,141.924,3,141.923,22,141.922,4
1715247460604,1715247460531438000,BINANCE,SOLUSDT,141.919,2,141.923,1,141.927,1,141.929,23,141.93,11,141.931,1,141.932,10,141.933,3,141.936,13,141.937,3,141.918,53,141.917,33,141.916,18,141.915,12,141.914,19,141.912,15,141.911,1,141.91,1,141.908,17,141.907,101
1715247460857,1715247460784982000,BINANCE,SOLUSDT,141.927,32,141.928,18,141.929,3,141.93,1,141.931,1,141.932,3,141.933,3,141.934,4,141.936,26,141.937,3,141.926,29,141.922,3,141.921,3,141.92,3,141.919,1,141.918,3,141.917,23,141.916,18,141.915,1,141.914,19
1715247461111,1715247461046333000,BINANCE,SOLUSDT,141.927,15,141.931,1,141.934,1,141.936,11,141.937,3,141.938,14,141.939,1,141.94,23,141.941,21,141.942,4,141.926,50,141.925,3,141.924,18,141.922,3,141.921,3,141.92,3,141.919,1,141.918,4,141.917,23,141.916,18
1715247461380,1715247461308109000,BINANCE,SOLUSDT,141.944,34,141.945,3,141.946,4,141.948,3,141.949,4,141.95,4,141.951,15,141.952,13,141.953,3,141.954,3,141.943,15,141.94,15,141.939,1,141.938,22,141.937,15,141.936,15,141.935,1,141.934,4,141.933,3,141.932,3
1715247461633,1715247461565823000,BINANCE,SOLUSDT,141.927,54,141.928,18,141.929,3,141.93,4,141.931,19,141.932,29,141.933,3,141.934,4,141.935,16,141.936,39,141.926,57,141.923,1,141.919,1,141.918,3,141.917,23,141.916,3,141.915,3,141.914,19,141.912,15,141.911,1
1715247461904,1715247461832994000,BINANCE,SOLUSDT,141.927,23,141.928,3,141.929,3,141.93,4,141.931,1,141.932,18,141.933,3,141.934,19,141.935,16,141.936,18,141.926,99,141.919,1,141.918,12,141.917,20,141.915,3,141.914,16,141.913,3,141.912,3,141.911,1,141.91,16
1715247462159,1715247462085947000,BINANCE,SOLUSDT,141.918,1,141.919,1,141.92,3,141.921,3,141.922,3,141.923,1,141.924,7,141.925,3,141.926,21,141.927,21,141.917,50,141.916,35,141.915,16,141.914,29,141.912,15,141.911,1,141.91,4,141.909,4,141.908,62,141.907,101
1715247462420,1715247462355690000,BINANCE,SOLUSDT,141.938,77,141.94,18,141.941,3,141.942,4,141.943,9,141.944,13,141.945,3,141.946,5,141.947,1,141.948,18,141.937,34,141.931,25,141.93,3,141.929,10,141.928,3,141.927,1,141.926,3,141.925,3,141.924,18,141.923,29
1715247462677,1715247462607739000,BINANCE,SOLUSDT,141.938,40,141.939,1,141.94,18,141.941,3,141.942,4,141.944,17,141.945,3,141.946,5,141.947,1,141.948,18,141.937,43,141.93,4,141.929,11,141.928,3,141.927,1,141.926,4,141.925,14,141.924,27,141.923,29,141.922,4
1715247462937,1715247462863790000,BINANCE,SOLUSDT,141.94,67,141.941,3,141.942,4,141.943,1,141.944,13,141.945,3,141.946,5,141.947,1,141.948,18,141.949,4,141.939,14,141.937,34,141.931,1,141.93,1,141.927,1,141.926,1,141.925,11,141.924,24,141.923,29,141.922,4
1715247463201,1715247463141968000,BINANCE,SOLUSDT,141.925,71,141.926,35,141.927,22,141.928,18,141.929,3,141.93,32,141.931,43,141.932,57,141.934,4,141.935,1,141.924,31,141.921,11,141.916,14,141.915,1,141.914,5,141.912,3,141.911,12,141.908,40,141.907,52,141.905,52
1715247463452,1715247463390613000,BINANCE,SOLUSDT,141.925,92,141.926,35,141.927,22,141.928,18,141.929,3,141.93,32,141.931,43,141.932,57,141.933,15,141.934,4,141.924,13,141.921,11,141.917,18,141.915,1,141.914,8,141.912,3,141.911,12,141.91,1,141.909,3,141.908,40
1715247463701,1715247463637246000,BINANCE,SOLUSDT,141.925,53,141.926,25,141.927,22,141.928,3,141.929,3,141.93,32,141.931,43,141.932,57,141.934,4,141.935,1,141.924,32,141.921,11,141.918,3,141.917,15,141.916,18,141.915,1,141.914,9,141.913,3,141.912,3,141.911,1
1715247464001,1715247463931340000,BINANCE,SOLUSDT,141.925,29,141.926,21,141.927,22,141.928,3,141.929,3,141.93,32,141.931,43,141.932,57,141.933,3,141.934,4,141.924,47,141.922,3,141.921,11,141.92,3,141.918,4,141.917,15,141.916,18,141.915,1,141.914,9,141.913,3
1715247464251,1715247464188854000,BINANCE,SOLUSDT,141.925,2,141.926,21,141.927,22,141.928,3,141.929,3,141.93,32,141.931,22,141.932,21,141.933,3,141.934,8,141.924,122,141.922,4,141.921,14,141.92,3,141.919,1,141.918,4,141.917,15,141.916,19,141.915,1,141.914,9
1715247464534,1715247464463118000,BINANCE,SOLUSDT,141.925,34,141.926,3,141.927,3,141.928,18,141.929,3,141.93,32,141.931,22,141.932,21,141.933,3,141.934,4,141.924,84,141.921,11,141.919,1,141.918,4,141.917,12,141.916,19,141.914,9,141.913,3,141.912,3,141.911,1
1715247464806,1715247464744631000,BINANCE,SOLUSDT,141.925,1,141.931,1,141.933,6,141.935,1,141.937,19,141.938,15,141.939,20,141.94,25,141.941,28,141.942,22,141.924,114,141.922,5,141.921,17,141.919,1,141.918,7,141.917,15,141.916,3,141.915,3,141.914,13,141.913,3
1715247465079,1715247465008811000,BINANCE,SOLUSDT,141.935,20,141.936,3,141.937,19,141.938,13,141.939,4,141.94,21,141.941,3,141.942,21,141.943,1,141.944,13,141.934,64,141.932,26,141.931,43,141.93,45,141.928,16,141.927,3,141.926,39,141.925,71,141.924,67,141.923,1
1715247465346,1715247465276043000,BINANCE,SOLUSDT,141.935,31,141.936,18,141.937,20,141.938,13,141.939,4,141.94,21,141.941,3,141.942,22,141.943,1,141.944,13,141.934,69,141.931,22,141.93,22,141.928,1,141.926,35,141.925,53,141.924,49,141.923,1,141.922,5,141.921,17
1715247465597,1715247465529477000,BINANCE,SOLUSDT,141.935,6,141.937,1,141.939,1,141.94,11,141.941,3,141.942,3,141.943,1,141.944,13,141.945,6,141.946,16,141.934,88,141.933,34,141.932,15,141.931,22,141.93,28,141.929,3,141.928,1,141.927,3,141.926,4,141.925,14
1715247465847,1715247465783608000,BINANCE,SOLUSDT,141.935,20,141.936,18,141.937,4,141.938,3,141.939,4,141.94,11,141.941,6,141.942,4,141.943,12,141.944,28,141.934,68,141.933,28,141.932,3,141.931,22,141.93,28,141.929,3,141.928,1,141.927,3,141.926,4,141.925,14
1715247466145,1715247466072536000,BINANCE,SOLUSDT,141.931,93,141.932,18,141.933,6,141.934,2,141.935,34,141.936,18,141.937,19,141.938,3,141.939,3,141.94,12,141.93,26,141.925,23,141.924,49,141.923,4,141.922,2,141.921,17,141.92,18,141.919,1,141.918,6,141.917,15
1715247466442,1715247466367537000,BINANCE,SOLUSDT,141.931,128,141.932,18,141.933,6,141.934,2,141.935,18,141.936,18,141.937,19,141.938,3,141.939,3,141.94,12,141.93,1,141.925,22,141.924,49,141.922,1,141.921,11,141.919,1,141.917,12,141.916,3,141.915,8,141.914,12
1715247466694,1715247466618771000,BINANCE,SOLUSDT,141.916,33,141.917,3,141.918,6,141.92,3,141.921,6,141.922,17,141.923,3,141.925,16,141.926,4,141.927,3,141.915,25,141.914,10,141.912,15,141.911,3,141.91,1,141.909,31,141.908,45,141.907,59,141.906,83,141.905,16
1715247466937,1715247466874501000,BINANCE,SOLUSDT,141.916,36,141.917,6,141.918,7,141.919,1,141.92,3,141.921,6,141.922,2,141.923,15,141.924,15,141.925,16,141.915,50,141.912,15,141.911,3,141.909,70,141.908,34,141.907,57,141.906,40,141.905,16,141.904,15,141.903,70
1715247467240,1715247467168065000,BINANCE,SOLUSDT,141.916,33,141.917,6,141.918,7,141.919,1,141.92,3,141.921,6,141.922,2,141.923,15,141.924,15,141.925,17,141.915,23,141.912,15,141.911,3,141.909,70,141.908,34,141.907,57,141.906,40,141.905,16,141.904,15,141.903,70
1715247467557,1715247467484914000,BINANCE,SOLUSDT,141.916,81,141.917,6,141.918,4,141.919,1,141.92,3,141.921,6,141.922,2,141.923,15,141.925,15,141.926,4,141.915,13,141.909,43,141.908,21,141.907,21,141.906,18,141.903,67,141.902,1,141.901,15,141.9,98,141.898,2
1715247467803,1715247467741651000,BINANCE,SOLUSDT,141.916,54,141.917,6,141.918,4,141.919,1,141.92,3,141.921,6,141.922,2,141.923,15,141.924,18,141.925,15,141.915,23,141.909,43,141.908,24,141.907,21,141.906,22,141.905,6,141.903,70,141.902,4,141.901,18,141.9,101
1715247468091,1715247468021508000,BINANCE,SOLUSDT,141.907,90,141.908,70,141.909,41,141.91,33,141.911,3,141.912,18,141.913,4,141.914,9,141.915,78,141.916,53,141.906,22,141.903,67,141.901,15,141.9,83,141.897,4,141.896,15,141.895,1,141.894,5,141.893,6,141.892,49
1715247468314,1715247468278070000,BINANCE,SOLUSDT,141.907,65,141.908,42,141.909,41,141.91,33,141.911,3,141.912,18,141.913,51,141.914,5,141.915,57,141.916,38,141.906,52,141.903,60,141.902,3,141.901,18,141.9,86,141.899,3,141.898,1,141.897,7,141.896,18,141.895,1
1715247468607,1715247468534203000,BINANCE,SOLUSDT,141.907,74,141.908,42,141.909,41,141.91,36,141.911,3,141.912,18,141.913,47,141.914,9,141.915,57,141.916,38,141.906,25,141.903,57,141.901,15,141.9,83,141.898,4,141.897,1,141.896,18,141.895,1,141.894,5,141.893,12
1715247468875,1715247468800322000,BINANCE,SOLUSDT,141.907,34,141.909,6,141.91,2,141.913,47,141.914,4,141.915,45,141.916,38,141.917,3,141.918,7,141.919,1,141.906,46,141.905,3,141.904,15,141.902,38,141.901,18,141.9,83,141.898,1,141.897,4,141.896,15,141.895,1
1715247469169,1715247469095196000,BINANCE,SOLUSDT,141.907,8,141.91,2,141.913,44,141.914,1,141.916,2,141.917,3,141.918,8,141.919,1,141.921,6,141.922,2,141.906,62,141.905,3,141.904,15,141.903,3,141.902,39,141.901,18,141.9,86,141.898,4,141.897,4,141.896,15
1715247469414,1715247469347888000,BINANCE,SOLUSDT,141.925,54,141.926,4,141.928,18,141.929,5,141.93,1,141.932,9,141.933,3,141.935,33,141.936,70,141.937,3,141.924,35,141.921,30,141.918,42,141.917,72,141.916,42,141.915,57,141.914,4,141.913,3,141.912,13,141.91,8
1715247469685,1715247469617187000,BINANCE,SOLUSDT,141.925,39,141.926,4,141.928,18,141.929,5,141.93,1,141.931,1,141.933,3,141.934,3,141.935,33,141.936,73,141.924,19,141.921,30,141.919,1,141.918,70,141.917,72,141.916,42,141.915,57,141.914,4,141.913,3,141.912,13
1715247469943,1715247469870317000,BINANCE,SOLUSDT,141.925,59,141.926,4,141.927,11,141.928,18,141.929,5,141.93,4,141.931,1,141.933,3,141.934,3,141.935,33,141.924,36,141.921,30,141.918,70,141.917,72,141.916,42,141.915,57,141.914,4,141.913,3,141.912,13,141.91,4
1715247470232,1715247470158967000,BINANCE,SOLUSDT,141.925,41,141.926,4,141.927,9,141.928,18,141.929,5,141.93,4,141.931,1,141.933,3,141.934,3,141.935,27,141.924,11,141.919,21,141.918,53,141.917,33,141.916,45,141.915,57,141.914,3,141.913,3,141.912,13,141.91,4
1715247470486,1715247470416531000,BINANCE,SOLUSDT,141.925,27,141.929,2,141.931,1,141.932,3,141.933,3,141.934,5,141.935,27,141.936,73,141.937,4,141.938,4,141.924,102,141.922,4,141.921,3,141.92,15,141.918,53,141.917,36,141.916,45,141.915,57,141.914,3,141.913,3
1715247470751,1715247470678074000,BINANCE,SOLUSDT,141.925,30,141.928,4,141.929,5,141.93,3,141.931,1,141.932,3,141.933,3,141.934,5,141.935,27,141.936,73,141.924,99,141.922,4,141.921,3,141.92,15,141.918,53,141.917,36,141.916,45,141.915,57,141.914,3,141.913,3
1715247471008,1715247470941006000,BINANCE,SOLUSDT,141.941,1,141.946,1,141.948,55,141.949,1,141.95,58,141.951,84,141.952,3,141.953,14,141.954,3,141.955,19,141.94,130,141.938,46,141.937,35,141.936,70,141.935,92,141.934,77,141.933,3,141.932,50,141.931,77,141.93,77
1715247471260,1715247471197149000,BINANCE,SOLUSDT,141.941,35,141.942,3,141.943,1,141.944,18,141.945,3,141.946,5,141.948,3,141.949,36,141.95,16,141.952,18,141.94,65,141.938,22,141.937,1,141.936,36,141.935,61,141.934,56,141.933,3,141.932,50,141.931,73,141.93,77
1715247471530,1715247471462278000,BINANCE,SOLUSDT,141.94,1,141.941,1,141.943,1,141.944,3,141.945,3,141.946,5,141.948,3,141.949,16,141.95,16,141.951,15,141.939,45,141.938,27,141.937,79,141.936,39,141.934,7,141.933,4,141.932,35,141.931,21,141.93,77,141.929,3
1715247471789,1715247471715590000,BINANCE,SOLUSDT,141.944,141,141.945,78,141.947,13,141.948,87,141.949,73,141.95,22,141.952,18,141.953,15,141.954,6,141.955,34,141.943,1,141.94,1,141.937,1,141.936,1,141.934,3,141.931,34,141.93,77,141.928,4,141.926,4,141.925,49
1715247472040,1715247471966487000,BINANCE,SOLUSDT,141.931,39,141.932,18,141.933,3,141.934,5,141.935,3,141.936,80,141.937,118,141.938,22,141.939,39,141.94,117,141.93,78,141.928,1,141.926,1,141.925,46,141.924,81,141.922,4,141.921,3,141.92,3,141.919,1,141.918,32
1715247472302,1715247472230719000,BINANCE,SOLUSDT,141.931,40,141.932,18,141.933,3,141.934,5,141.935,3,141.936,80,141.937,98,141.938,4,141.94,71,141.941,18,141.93,134,141.928,1,141.926,4,141.925,49,141.924,84,141.922,4,141.921,3,141.92,3,141.919,2,141.918,32
1715247472577,1715247472500820000,BINANCE,SOLUSDT,141.94,16,141.945,15,141.946,22,141.947,42,141.948,3,141.949,25,141.95,8,141.952,18,141.954,19,141.955,46,141.939,30,141.938,4,141.937,21,141.936,31,141.935,11,141.934,5,141.933,3,141.932,60,141.931,11,141.93,113
1715247472829,1715247472753573000,BINANCE,SOLUSDT,141.94,17,141.944,30,141.945,18,141.946,1,141.947,42,141.948,45,141.949,10,141.95,8,141.952,18,141.954,19,141.939,43,141.938,4,141.937,4,141.936,21,141.935,1,141.934,5,141.933,19,141.932,45,141.931,11,141.93,113
1715247473112,1715247473036857000,BINANCE,SOLUSDT,141.946,116,141.948,19,141.949,10,141.95,8,141.952,3,141.954,4,141.955,1,141.956,6,141.957,2,141.958,24,141.945,27,141.944,9,141.943,1,141.94,1,141.938,4,141.937,18,141.936,21,141.935,1,141.934,5,141.933,4
1715247473363,1715247473295227000,BINANCE,SOLUSDT,141.967,76,141.968,43,141.97,19,141.972,7,141.974,47,141.975,87,141.976,2,141.977,7,141.978,10,141.979,39,141.966,1344,141.965,1,141.958,3,141.956,3,141.954,3,141.953,3,141.952,4,141.95,3,141.949,3,141.947,1
1715247473623,1715247473548514000,BINANCE,SOLUSDT,141.967,20,141.968,43,141.97,7,141.972,7,141.973,3,141.974,1,141.976,20,141.977,7,141.978,5,141.979,10,141.966,1345,141.965,1,141.964,3,141.963,1,141.962,3,141.961,3,141.96,3,141.959,1,141.958,4,141.957,3
1715247473888,1715247473814185000,BINANCE,SOLUSDT,141.968,4,141.97,7,141.972,7,141.973,15,141.974,1,141.976,17,141.977,39,141.978,2,141.98,23,141.981,46,141.967,107,141.966,1349,141.965,4,141.964,4,141.963,1,141.962,3,141.96,3,141.959,1,141.958,4,141.957,3
1715247474143,1715247474070262000,BINANCE,SOLUSDT,141.968,17,141.97,7,141.972,7,141.973,15,141.974,1,141.976,20,141.977,39,141.978,5,141.98,24,141.981,46,141.967,116,141.966,1349,141.965,4,141.964,4,141.963,1,141.962,3,141.96,3,141.959,1,141.958,4,141.957,3
1715247474402,1715247474327203000,BINANCE,SOLUSDT,141.968,3,141.97,7,141.972,7,141.973,3,141.974,4,141.976,5,141.977,39,141.978,5,141.979,15,141.98,39,141.967,129,141.966,1336,141.965,1,141.964,4,141.963,1,141.962,3,141.961,3,141.96,3,141.959,1,141.958,4
1715247474661,1715247474590373000,BINANCE,SOLUSDT,141.983,51,141.984,1,141.985,14,141.986,48,141.987,42,141.988,88,141.989,23,141.99,11,141.991,42,141.992,2,141.982,46,141.981,1,141.98,17,141.979,1,141.978,10,141.977,24,141.976,60,141.975,71,141.973,11,141.972,20
1715247474927,1715247474856902000,BINANCE,SOLUSDT,141.983,90,141.984,33,141.985,17,141.986,3,141.988,4,141.989,1,141.99,6,141.992,2,141.994,1,141.995,17,141.982,24,141.979,1,141.978,1,141.975,19,141.972,3,141.971,4,141.97,62,141.969,1,141.968,25,141.967,123
1715247475192,1715247475122076000,BINANCE,SOLUSDT,141.979,44,141.982,34,141.983,51,141.984,3,141.985,17,141.986,3,141.988,21,141.989,1,141.99,6,141.991,1,141.978,52,141.976,17,141.972,17,141.971,1,141.97,23,141.969,16,141.968,23,141.967,101,141.966,1339,141.965,5
1715247475469,1715247475413177000,BINANCE,SOLUSDT,141.999,41,142,106,142.001,15,142.002,42,142.003,11,142.004,3,142.005,30,142.006,1,142.007,1,142.009,2,141.998,2,141.997,10,141.996,17,141.994,1,141.992,90,141.991,13,141.99,3,141.988,21,141.987,1,141.986,3
1715247475730,1715247475672574000,BINANCE,SOLUSDT,142,76,142.003,49,142.004,37,142.005,5,142.006,12,142.007,44,142.008,94,142.009,3,142.01,36,142.011,47,141.999,11,141.998,3,141.995,1,141.992,3,141.991,4,141.99,3,141.988,3,141.987,1,141.986,5,141.985,4
1715247475984,1715247475909744000,BINANCE,SOLUSDT,142,27,142.003,22,142.004,21,142.007,86,142.008,51,142.009,3,142.011,16,142.012,19,142.013,23,142.014,46,141.999,34,141.998,7,141.997,3,141.996,20,141.995,1,141.994,4,141.992,3,141.991,4,141.99,3,141.988,21
1715247476251,1715247476179397000,BINANCE,SOLUSDT,142.003,1,142.005,2,142.006,26,142.007,43,142.008,21,142.011,1,142.013,23,142.015,46,142.016,12,142.017,3,142.002,167,142,21,141.999,13,141.998,6,141.997,3,141.996,20,141.995,1,141.994,4,141.992,3,141.991,4
1715247476546,1715247476482506000,BINANCE,SOLUSDT,142.003,2,142.013,23,142.015,37,142.016,15,142.019,26,142.02,19,142.021,10,142.023,2,142.024,23,142.025,36,142.002,169,142.001,18,142,21,141.999,12,141.998,6,141.997,3,141.996,20,141.995,1,141.994,4,141.992,3
1715247476813,1715247476748519000,BINANCE,SOLUSDT,142.015,37,142.018,19,142.019,9,142.02,1,142.021,7,142.023,1,142.024,15,142.025,36,142.026,2,142.027,15,142.014,60,142.013,22,142.012,52,142.011,1,142.01,4,142.009,3,142.008,12,142.007,2,142.006,14,142.005,65
1715247477066,1715247476998474000,BINANCE,SOLUSDT,142.015,2,142.019,9,142.02,2,142.021,7,142.023,1,142.026,18,142.027,15,142.028,6,142.029,49,142.03,12,142.014,72,142.013,39,142.012,52,142.011,1,142.01,4,142.009,3,142.008,12,142.007,2,142.006,14,142.005,64
1715247477329,1715247477257294000,BINANCE,SOLUSDT,142.029,73,142.03,11,142.032,19,142.033,4,142.034,9,142.035,2,142.036,4,142.037,12,142.038,1,142.039,4,142.028,83,142.027,10,142.026,3,142.024,3,142.023,11,142.022,4,142.021,3,142.02,3,142.019,24,142.018,14
1715247477582,1715247477508338000,BINANCE,SOLUSDT,142.03,4,142.031,9,142.032,2,142.033,1,142.034,9,142.035,2,142.036,1,142.039,1,142.041,26,142.042,23,142.029,45,142.028,92,142.027,14,142.026,4,142.024,3,142.023,11,142.022,4,142.021,3,142.02,3,142.019,2
1715247477833,1715247477761526000,BINANCE,SOLUSDT,142.03,10,142.032,2,142.033,1,142.035,2,142.036,1,142.039,1,142.041,26,142.042,1,142.044,48,142.045,63,142.029,42,142.028,91,142.027,14,142.026,4,142.024,3,142.023,11,142.022,4,142.021,3,142.02,3,142.019,2
1715247478103,1715247478032017000,BINANCE,SOLUSDT,142.079,7,142.08,3,142.083,8,142.084,125,142.085,135,142.086,256,142.087,31,142.088,29,142.089,65,142.09,74,142.075,1,142.072,1,142.066,3,142.064,3,142.063,3,142.06,17,142.056,14,142.054,3,142.052,3,142.051,64
1715247478348,1715247478287632000,BINANCE,SOLUSDT,142.091,58,142.092,3,142.093,21,142.094,22,142.096,20,142.099,3,142.1,26,142.102,22,142.104,3,142.105,22,142.09,28,142.088,1,142.084,13,142.083,22,142.082,33,142.081,22,142.08,25,142.078,3,142.077,2,142.076,3
1715247478615,1715247478550907000,BINANCE,SOLUSDT,142.083,22,142.084,117,142.087,3,142.088,20,142.089,95,142.09,36,142.091,93,142.092,20,142.093,3,142.094,22,142.082,10,142.08,8,142.077,2,142.072,19,142.071,22,142.07,16,142.069,25,142.068,3,142.066,2,142.065,17
1715247478856,1715247478792393000,BINANCE,SOLUSDT,142.083,232,142.084,25,142.088,63,142.089,125,142.09,46,142.091,69,142.092,20,142.093,3,142.096,4,142.097,7,142.082,27,142.08,28,142.078,3,142.077,2,142.076,4,142.075,3,142.074,3,142.073,18,142.072,34,142.07,3
1715247479157,1715247479094933000,BINANCE,SOLUSDT,142.083,160,142.089,49,142.09,3,142.091,22,142.098,2,142.1,1,142.102,10,142.105,7,142.106,4,142.108,6,142.082,112,142.081,3,142.08,28,142.078,4,142.077,2,142.076,4,142.075,3,142.074,3,142.073,18,142.072,34
1715247479415,1715247479350401000,BINANCE,SOLUSDT,142.049,245,142.05,70,142.051,83,142.052,80,142.053,39,142.054,4,142.055,2,142.056,22,142.057,3,142.058,4,142.048,35,142.041,1,142.039,1,142.035,1,142.034,3,142.033,3,142.032,3,142.029,1,142.028,8,142.025,27
1715247479673,1715247479598523000,BINANCE,SOLUSDT,142.042,110,142.044,20,142.045,3,142.046,4,142.047,21,142.048,122,142.049,78,142.05,48,142.051,68,142.052,28,142.041,16,142.04,17,142.039,1,142.036,1,142.035,1,142.033,3,142.032,23,142.03,4,142.029,1,142.028,8
1715247479936,1715247479863193000,BINANCE,SOLUSDT,142.074,6,142.075,5,142.076,3,142.078,3,142.08,3,142.081,35,142.082,5,142.083,15,142.084,89,142.085,3,142.073,20,142.072,21,142.068,17,142.066,19,142.065,65,142.064,78,142.063,3,142.062,26,142.061,1,142.06,21
1715247480207,1715247480135626000,BINANCE,SOLUSDT,142.042,55,142.044,3,142.045,1,142.046,3,142.05,6,142.051,3,142.053,11,142.054,14,142.055,12,142.056,3,142.041,75,142.04,17,142.039,1,142.036,1,142.035,1,142.033,11,142.032,20,142.03,1,142.029,1,142.028,1
1715247480460,1715247480400343000,BINANCE,SOLUSDT,142.063,3,142.064,3,142.065,2,142.066,16,142.068,3,142.069,12,142.07,3,142.074,6,142.075,3,142.076,3,142.062,80,142.061,43,142.06,118,142.056,17,142.053,22,142.052,18,142.051,7,142.05,58,142.049,9,142.048,31
1715247480712,1715247480650338000,BINANCE,SOLUSDT,142.08,2,142.081,42,142.083,15,142.084,86,142.085,3,142.086,3,142.087,3,142.089,28,142.09,3,142.091,3,142.079,86,142.078,1,142.077,44,142.076,41,142.075,54,142.072,18,142.07,1,142.068,23,142.067,13,142.066,1
1715247480964,1715247480892941000,BINANCE,SOLUSDT,142.065,40,142.066,3,142.067,37,142.068,3,142.069,11,142.07,24,142.071,8,142.072,21,142.073,8,142.074,3,142.064,68,142.058,12,142.057,12,142.056,17,142.055,10,142.054,4,142.052,1,142.051,11,142.05,3,142.048,21
1715247481216,1715247481154981000,BINANCE,SOLUSDT,142.065,55,142.067,19,142.068,20,142.069,11,142.07,24,142.071,8,142.072,3,142.073,10,142.074,3,142.075,22,142.064,23,142.06,1,142.058,12,142.057,12,142.055,10,142.054,1,142.053,11,142.052,12,142.048,18,142.046,1
1715247481481,1715247481404718000,BINANCE,SOLUSDT,142.045,72,142.046,31,142.047,36,142.048,26,142.05,3,142.051,3,142.052,3,142.054,15,142.056,20,142.057,3,142.044,18,142.042,19,142.041,25,142.04,18,142.039,1,142.036,1,142.035,12,142.034,1,142.031,11,142.03,53
1715247481734,1715247481658706000,BINANCE,SOLUSDT,142.047,29,142.049,30,142.051,3,142.052,38,142.053,11,142.056,79,142.057,119,142.058,41,142.06,21,142.063,3,142.046,9,142.045,1,142.044,4,142.041,25,142.039,1,142.036,18,142.035,1,142.034,11,142.031,11,142.03,1
1715247481984,1715247481910673000,BINANCE,SOLUSDT,142.045,80,142.046,34,142.047,18,142.048,21,142.049,10,142.051,3,142.052,20,142.054,1,142.055,16,142.056,30,142.044,5,142.041,25,142.039,1,142.035,1,142.03,1,142.029,1,142.028,1,142.027,10,142.025,1,142.024,1
1715247482251,1715247482182093000,BINANCE,SOLUSDT,142.001,50,142.002,25,142.003,39,142.004,67,142.005,12,142.006,1,142.007,6,142.008,20,142.009,3,142.01,119,142,6,141.999,3,141.998,3,141.995,34,141.993,69,141.989,32,141.988,6,141.987,12,141.985,8,141.982,15
1715247482503,1715247482492804000,BINANCE,SOLUSDT,141.999,71,142,25,142.001,16,142.002,30,142.003,15,142.004,52,142.005,1,142.006,1,142.007,2,142.008,20,141.998,29,141.996,16,141.992,27,141.991,14,141.99,3,141.989,32,141.988,10,141.987,1,141.986,3,141.985,13
1715247482797,1715247482747874000,BINANCE,SOLUSDT,142.036,1,142.039,1,142.041,1,142.043,17,142.048,3,142.049,12,142.051,5,142.052,3,142.054,13,142.055,6,142.035,87,142.034,22,142.033,106,142.032,62,142.03,4,142.029,10,142.028,50,142.027,64,142.024,7,142.023,1
1715247483049,1715247482983725000,BINANCE,SOLUSDT,142.038,13,142.039,38,142.043,1,142.048,3,142.049,12,142.053,1,142.055,2,142.057,10,142.058,9,142.059,23,142.037,30,142.036,19,142.035,187,142.034,55,142.033,45,142.032,56,142.03,4,142.028,45,142.027,55,142.024,7
1715247483299,1715247483228848000,BINANCE,SOLUSDT,142.058,1,142.059,1,142.061,2,142.062,12,142.063,2,142.065,1,142.067,12,142.068,19,142.069,12,142.07,3,142.057,93,142.056,66,142.055,42,142.054,54,142.053,63,142.052,40,142.051,3,142.048,23,142.047,1,142.045,3
1715247483553,1715247483485782000,BINANCE,SOLUSDT,142.058,371,142.059,2,142.06,4,142.063,5,142.064,3,142.065,1,142.066,1,142.067,12,142.068,19,142.069,27,142.057,8,142.053,21,142.045,3,142.044,3,142.043,11,142.042,4,142.041,19,142.04,19,142.039,4,142.038,10
1715247483858,1715247483787631000,BINANCE,SOLUSDT,142.04,92,142.042,11,142.043,26,142.044,97,142.045,45,142.046,52,142.048,17,142.051,4,142.052,99,142.053,200,142.039,1,142.038,5,142.037,7,142.035,1,142.034,1,142.032,17,142.031,1,142.028,1,142.027,8,142.026,1
1715247484112,1715247484047882000,BINANCE,SOLUSDT,142.039,61,142.04,19,142.042,11,142.043,21,142.044,97,142.045,45,142.046,52,142.047,1,142.048,17,142.051,4,142.038,5,142.037,7,142.035,1,142.034,1,142.031,12,142.029,11,142.028,17,142.027,11,142.026,3,142.025,31
1715247484367,1715247484294823000,BINANCE,SOLUSDT,142.035,122,142.036,52,142.037,21,142.038,42,142.039,13,142.04,19,142.042,11,142.043,22,142.044,50,142.045,3,142.034,9,142.032,16,142.031,1,142.028,1,142.027,8,142.023,1,142.022,14,142.021,3,142.02,5,142.019,3
1715247484617,1715247484549161000,BINANCE,SOLUSDT,142.035,112,142.039,10,142.041,13,142.042,11,142.043,22,142.044,31,142.046,10,142.047,1,142.048,17,142.049,3,142.034,87,142.033,3,142.032,19,142.031,1,142.03,4,142.028,4,142.027,11,142.026,18,142.025,11,142.024,4
1715247484908,1715247484852429000,BINANCE,SOLUSDT,142.022,9,142.023,17,142.024,29,142.028,24,142.029,30,142.03,58,142.031,51,142.032,163,142.033,3,142.034,132,142.02,2,142.019,2,142.014,11,142.013,12,142.01,20,142.007,15,142.006,5,142.005,8,142.004,37,142.003,34
1715247485160,1715247485107507000,BINANCE,SOLUSDT,142.003,54,142.004,3,142.005,29,142.007,1,142.008,19,142.009,4,142.01,23,142.011,22,142.012,41,142.013,3,142.002,46,142.001,3,142,16,141.998,1,141.995,11,141.994,2,141.992,11,141.991,3,141.99,17,141.989,32
1715247485433,1715247485376122000,BINANCE,SOLUSDT,142.003,35,142.004,3,142.007,1,142.008,19,142.009,4,142.01,23,142.011,22,142.012,41,142.015,3,142.016,19,142.002,65,142.001,3,142,16,141.999,50,141.998,2,141.995,11,141.994,2,141.992,11,141.991,3,141.99,20
1715247485705,1715247485652853000,BINANCE,SOLUSDT,142.003,57,142.004,19,142.006,1,142.007,1,142.008,19,142.009,27,142.01,11,142.011,22,142.012,41,142.015,4,142.002,1,141.999,50,141.998,1,141.994,1,141.99,16,141.989,32,141.988,16,141.987,1,141.986,1,141.985,7
1715247485971,1715247485901567000,BINANCE,SOLUSDT,141.99,138,141.991,5,141.992,19,141.994,22,141.995,26,141.996,29,141.997,11,141.998,11,141.999,68,142,48,141.989,54,141.988,6,141.982,11,141.979,2,141.978,12,141.977,13,141.975,13,141.974,18,141.973,30,141.971,8
1715247486227,1715247486162461000,BINANCE,SOLUSDT,141.991,56,141.992,19,141.994,21,141.995,8,141.996,10,141.997,21,141.998,10,141.999,22,142,22,142.002,1,141.99,104,141.989,47,141.988,6,141.987,1,141.986,1,141.982,12,141.979,2,141.978,12,141.977,1,141.976,20
1715247486486,1715247486419483000,BINANCE,SOLUSDT,141.991,33,141.992,19,141.994,21,141.995,8,141.996,10,141.997,21,141.998,10,141.999,22,142,22,142.003,26,141.99,92,141.989,47,141.988,6,141.987,1,141.986,1,141.982,12,141.979,2,141.978,12,141.977,1,141.976,23
1715247486738,1715247486683181000,BINANCE,SOLUSDT,142.018,3,142.019,3,142.02,3,142.022,3,142.023,1,142.025,3,142.027,7,142.028,3,142.03,1,142.032,3,142.017,230,142.016,19,142.015,78,142.014,14,142.012,19,142.011,34,142.01,6,142.009,102,142.008,104,142.006,24
1715247487003,1715247486932913000,BINANCE,SOLUSDT,142.031,139,142.032,19,142.033,3,142.035,2,142.036,4,142.037,25,142.038,10,142.039,4,142.04,15,142.041,7,142.03,102,142.029,65,142.027,43,142.026,66,142.025,44,142.024,44,142.023,38,142.022,66,142.021,75,142.02,16
1715247487255,1715247487183004000,BINANCE,SOLUSDT,142.031,571,142.032,3,142.033,3,142.034,1,142.035,2,142.036,4,142.037,5,142.038,10,142.039,4,142.04,15,142.03,53,142.027,43,142.026,43,142.025,44,142.024,44,142.023,38,142.022,69,142.021,65,142.02,3,142.019,1
1715247487538,1715247487463229000,BINANCE,SOLUSDT,142.031,602,142.032,3,142.033,3,142.035,2,142.036,4,142.037,5,142.038,10,142.039,4,142.04,40,142.041,7,142.03,68,142.027,43,142.026,44,142.025,44,142.024,44,142.023,1,142.022,66,142.021,65,142.019,1,142.018,4
1715247487814,1715247487739521000,BINANCE,SOLUSDT,142.031,569,142.032,3,142.033,3,142.035,2,142.036,4,142.037,5,142.038,9,142.039,4,142.04,28,142.041,7,142.03,68,142.026,1,142.025,44,142.024,44,142.023,1,142.022,66,142.021,65,142.019,1,142.018,1,142.017,10
1715247488065,1715247487994463000,BINANCE,SOLUSDT,142.031,574,142.032,3,142.033,3,142.035,2,142.036,4,142.037,5,142.038,9,142.039,4,142.04,28,142.041,10,142.03,68,142.026,1,142.025,44,142.024,44,142.023,1,142.022,66,142.021,65,142.019,1,142.018,10,142.017,10
1715247488328,1715247488262248000,BINANCE,SOLUSDT,142.031,579,142.032,3,142.033,3,142.035,2,142.036,7,142.037,5,142.038,9,142.039,4,142.04,28,142.041,10,142.03,81,142.026,1,142.025,44,142.024,44,142.023,1,142.022,66,142.021,65,142.019,1,142.018,1,142.015,1
1715247488575,1715247488514089000,BINANCE,SOLUSDT,142.031,584,142.034,4,142.035,2,142.036,7,142.037,5,142.038,9,142.039,4,142.04,28,142.041,10,142.042,2,142.03,82,142.028,16,142.026,4,142.025,44,142.024,47,142.023,26,142.022,69,142.021,68,142.02,3,142.019,1
1715247488858,1715247488785469000,BINANCE,SOLUSDT,142.031,592,142.032,3,142.033,3,142.034,1,142.035,2,142.036,11,142.037,5,142.038,9,142.039,4,142.04,28,142.03,67,142.028,16,142.025,44,142.024,44,142.023,1,142.022,66,142.021,65,142.019,1,142.018,4,142.016,3
1715247489129,1715247489060959000,BINANCE,SOLUSDT,142.031,592,142.032,3,142.033,3,142.034,1,142.035,6,142.036,7,142.037,5,142.038,10,142.039,4,142.04,28,142.03,67,142.025,44,142.024,44,142.023,1,142.022,66,142.021,65,142.019,1,142.018,4,142.016,3,142.015,4
1715247489393,1715247489320077000,BINANCE,SOLUSDT,142.031,570,142.032,3,142.033,3,142.035,2,142.036,4,142.037,5,142.038,9,142.039,4,142.04,28,142.041,10,142.03,72,142.025,44,142.024,44,142.023,1,142.022,69,142.021,68,142.02,3,142.019,1,142.018,4,142.016,3
1715247489653,1715247489580433000,BINANCE,SOLUSDT,142.031,570,142.032,3,142.033,3,142.035,2,142.036,4,142.037,5,142.038,9,142.039,4,142.04,28,142.041,10,142.03,72,142.025,44,142.024,44,142.023,1,142.022,69,142.021,68,142.02,3,142.019,1,142.018,4,142.016,3
1715247489960,1715247489896149000,BINANCE,SOLUSDT,142.012,107,142.013,35,142.014,144,142.015,81,142.016,27,142.017,10,142.018,74,142.019,106,142.02,19,142.021,3,142.011,1,142.01,1,142.007,1,142.004,2,142.003,1,142.001,1,141.999,21,141.995,1,141.991,20,141.99,1
1715247490210,1715247490298944000,BINANCE,SOLUSDT,142,119,142.001,27,142.002,21,142.003,3,142.004,19,142.008,3,142.009,3,142.01,1,142.011,76,142.012,110,141.999,7,141.996,16,141.995,1,141.991,20,141.989,26,141.988,6,141.986,3,141.985,5,141.984,3,141.983,3
1715247490464,1715247490405957000,BINANCE,SOLUSDT,142.039,1,142.041,3,142.042,1,142.045,3,142.046,4,142.047,1,142.051,7,142.052,9,142.054,12,142.057,7,142.038,8,142.037,124,142.036,96,142.035,28,142.034,96,142.033,103,142.032,48,142.031,19,142.03,34,142.026,28
1715247490717,1715247490665101000,BINANCE,SOLUSDT,142.026,66,142.027,26,142.028,16,142.032,3,142.033,3,142.034,1,142.036,16,142.038,93,142.039,162,142.04,17,142.025,3,142.021,24,142.02,24,142.019,24,142.018,23,142.014,15,142.013,6,142.012,3,142.011,1,142.01,5
1715247490975,1715247490919515000,BINANCE,SOLUSDT,141.993,42,141.996,3,141.998,24,141.999,63,142,94,142.001,83,142.002,51,142.003,61,142.004,44,142.005,23,141.992,9,141.991,5,141.989,26,141.988,6,141.985,5,141.984,1,141.982,11,141.981,12,141.979,1,141.977,4
1715247491227,1715247491168491000,BINANCE,SOLUSDT,141.98,2,141.982,23,141.983,31,141.985,23,141.986,23,141.987,10,141.991,4,141.995,1,141.996,3,141.997,30,141.979,104,141.978,45,141.977,49,141.976,66,141.975,48,141.974,41,141.973,33,141.972,3,141.97,4,141.968,9
1715247491504,1715247491441704000,BINANCE,SOLUSDT,142.022,46,142.026,3,142.027,7,142.03,5,142.032,3,142.033,3,142.035,28,142.036,1,142.039,3,142.041,8,142.021,90,142.02,39,142.018,1,142.017,11,142.015,1,142.013,109,142.012,87,142.011,1,142.008,19,142.007,1
1715247491754,1715247491683083000,BINANCE,SOLUSDT,142.022,59,142.024,17,142.026,3,142.027,7,142.029,3,142.03,6,142.032,3,142.033,6,142.035,56,142.036,2,142.021,22,142.015,1,142.012,1,142.011,1,142.007,1,142.006,1,142.005,15,142.004,24,142.003,1,142,2
1715247492014,1715247491942002000,BINANCE,SOLUSDT,142.005,8,142.006,8,142.007,55,142.008,19,142.009,3,142.012,16,142.014,3,142.015,24,142.016,16,142.018,1,142.004,1,142.003,1,142.001,11,142,2,141.999,7,141.995,12,141.994,3,141.993,38,141.992,16,141.991,2
1715247492267,1715247492203084000,BINANCE,SOLUSDT,141.99,10,141.991,29,141.993,22,141.996,3,141.997,3,141.999,99,142,77,142.002,233,142.003,4,142.004,16,141.989,18,141.988,22,141.987,1,141.985,6,141.982,1,141.981,11,141.98,11,141.979,10,141.978,6,141.977,3
1715247492512,1715247492443087000,BINANCE,SOLUSDT,141.975,14,141.979,3,141.984,3,141.985,3,141.987,38,141.988,50,141.989,18,141.99,5,141.991,14,141.993,11,141.974,96,141.973,47,141.972,16,141.971,5,141.97,1,141.968,9,141.967,1,141.966,61,141.965,1,141.964,3
1715247492770,1715247492697581000,BINANCE,SOLUSDT,141.99,125,141.991,59,141.994,1,141.995,1,141.996,3,141.997,27,141.999,6,142,31,142.002,21,142.003,4,141.989,4,141.987,9,141.986,7,141.983,10,141.98,16,141.979,1,141.978,4,141.976,32,141.975,1,141.974,37
1715247493054,1715247492980004000,BINANCE,SOLUSDT,141.985,90,141.986,27,141.987,26,141.988,1,141.989,10,141.99,11,141.991,14,141.994,1,141.995,1,141.996,28,141.984,1,141.982,11,141.98,5,141.979,24,141.978,37,141.977,24,141.976,40,141.975,27,141.973,42,141.972,19
1715247493307,1715247493233384000,BINANCE,SOLUSDT,141.985,51,141.986,19,141.987,26,141.989,10,141.99,8,141.991,11,141.994,1,141.995,1,141.996,28,141.997,3,141.984,46,141.982,3,141.98,6,141.979,27,141.978,43,141.977,24,141.976,41,141.975,24,141.974,3,141.973,42
1715247493570,1715247493501010000,BINANCE,SOLUSDT,141.974,72,141.975,1,141.976,17,141.978,3,141.979,4,141.982,12,141.983,13,141.984,18,141.985,23,141.987,41,141.973,35,141.968,9,141.967,29,141.966,61,141.965,1,141.964,1,141.963,1,141.959,23,141.958,70,141.957,6
1715247493830,1715247493755100000,BINANCE,SOLUSDT,141.969,240,141.971,116,141.972,142,141.973,64,141.974,476,141.975,1,141.976,17,141.978,3,141.979,4,141.982,12,141.968,13,141.967,29,141.966,61,141.965,1,141.959,23,141.958,71,141.957,6,141.955,1,141.954,13,141.953,53
1715247494082,1715247494008334000,BINANCE,SOLUSDT,141.967,213,141.968,100,141.969,95,141.97,1,141.971,101,141.972,132,141.973,60,141.974,475,141.975,2,141.976,17,141.966,61,141.965,1,141.96,1,141.957,6,141.955,1,141.954,13,141.952,1,141.95,3,141.949,2,141.948,4
1715247494361,1715247494291831000,BINANCE,SOLUSDT,141.955,1,141.959,1,141.963,2,141.967,11,141.971,1,141.973,3,141.974,1,141.975,19,141.978,4,141.979,4,141.954,167,141.953,69,141.952,69,141.951,31,141.95,14,141.949,37,141.948,20,141.947,1,141.946,3,141.944,11
1715247494612,1715247494544642000,BINANCE,SOLUSDT,141.96,54,141.961,66,141.964,63,141.965,47,141.966,72,141.967,24,141.968,50,141.97,1,141.971,23,141.972,10,141.959,30,141.958,42,141.957,7,141.956,16,141.955,26,141.954,11,141.952,10,141.951,1,141.95,4,141.949,14
1715247494870,1715247494820378000,BINANCE,SOLUSDT,141.95,160,141.951,18,141.952,16,141.954,95,141.955,29,141.956,16,141.958,34,141.959,55,141.96,55,141.961,10,141.949,1,141.948,1,141.947,1,141.945,15,141.943,5,141.941,1,141.94,12,141.939,1,141.938,6,141.936,16
1715247495127,1715247495066697000,BINANCE,SOLUSDT,141.942,55,141.943,4,141.944,16,141.945,1,141.946,4,141.947,30,141.948,14,141.949,18,141.95,31,141.951,1,141.941,4,141.935,2,141.933,1,141.931,42,141.93,3,141.928,10,141.927,1,141.926,4,141.925,37,141.924,83
1715247495383,1715247495312429000,BINANCE,SOLUSDT,141.942,64,141.943,4,141.944,16,141.945,1,141.946,4,141.947,30,141.948,14,141.949,21,141.95,34,141.951,1,141.941,13,141.934,3,141.933,11,141.932,16,141.931,3,141.93,6,141.927,11,141.926,4,141.925,37,141.924,83
1715247495646,1715247495571747000,BINANCE,SOLUSDT,141.942,54,141.943,4,141.944,19,141.945,1,141.946,4,141.947,30,141.948,14,141.949,21,141.95,34,141.951,1,141.941,9,141.934,18,141.932,16,141.931,3,141.93,6,141.926,4,141.925,37,141.924,83,141.923,2,141.922,3
1715247495917,1715247495842479000,BINANCE,SOLUSDT,141.925,49,141.926,28,141.927,24,141.928,3,141.93,1,141.931,4,141.932,16,141.933,3,141.934,4,141.936,16,141.924,72,141.923,1,141.92,1,141.919,1,141.918,14,141.916,5,141.915,2,141.914,3,141.912,3,141.911,2
1715247496167,1715247496124545000,BINANCE,SOLUSDT,141.925,21,141.926,4,141.927,3,141.93,12,141.931,1,141.932,16,141.933,3,141.934,4,141.936,19,141.937,3,141.924,115,141.923,1,141.922,3,141.92,2,141.919,4,141.918,18,141.916,8,141.915,2,141.914,1,141.913,14
1715247496432,1715247496358782000,BINANCE,SOLUSDT,141.925,2,141.927,1,141.931,1,141.936,18,141.937,3,141.938,2,141.939,26,141.94,14,141.941,13,141.942,5,141.924,138,141.923,71,141.922,96,141.92,16,141.915,80,141.914,9,141.913,62,141.912,26,141.911,1,141.909,7
1715247496687,1715247496617217000,BINANCE,SOLUSDT,141.925,11,141.927,1,141.931,1,141.934,1,141.936,3,141.937,3,141.938,1,141.939,12,141.94,14,141.941,13,141.924,92,141.922,5,141.92,3,141.919,3,141.918,4,141.917,16,141.916,14,141.915,1,141.914,13,141.913,4
1715247496949,1715247496876358000,BINANCE,SOLUSDT,141.925,64,141.926,1,141.927,1,141.928,19,141.93,1,141.931,4,141.932,3,141.933,11,141.934,12,141.935,12,141.924,2,141.922,1,141.918,3,141.917,16,141.915,1,141.914,12,141.913,4,141.912,29,141.911,1,141.91,1
1715247497206,1715247497136641000,BINANCE,SOLUSDT,141.918,414,141.923,1,141.924,3,141.925,7,141.926,12,141.927,1,141.93,12,141.931,4,141.932,3,141.933,11,141.917,72,141.916,70,141.915,69,141.914,73,141.913,79,141.912,75,141.911,1,141.909,7,141.908,4,141.907,4
1715247497467,1715247497395258000,BINANCE,SOLUSDT,141.916,167,141.917,72,141.918,412,141.919,4,141.92,3,141.922,1,141.923,1,141.924,3,141.925,6,141.926,12,141.915,36,141.914,73,141.913,46,141.912,37,141.909,7,141.908,1,141.907,1,141.905,70,141.903,79,141.902,4
1715247497727,1715247497658669000,BINANCE,SOLUSDT,141.916,33,141.917,23,141.918,412,141.919,4,141.92,3,141.922,1,141.923,1,141.924,14,141.925,6,141.926,12,141.915,19,141.914,49,141.913,46,141.912,37,141.91,3,141.909,7,141.908,4,141.907,3,141.906,4,141.904,3
1715247497997,1715247497925387000,BINANCE,SOLUSDT,141.91,162,141.911,1,141.912,19,141.913,3,141.914,5,141.915,88,141.916,95,141.917,70,141.918,412,141.919,4,141.909,7,141.908,1,141.903,78,141.902,1,141.901,2,141.9,171,141.898,3,141.895,10,141.894,2,141.893,9
1715247498257,1715247498185352000,BINANCE,SOLUSDT,141.91,270,141.911,1,141.912,19,141.913,3,141.914,5,141.915,85,141.916,81,141.917,73,141.918,412,141.919,4,141.909,14,141.908,1,141.903,78,141.902,1,141.901,2,141.9,172,141.895,7,141.894,2,141.893,6,141.892,19
1715247498515,1715247498442741000,BINANCE,SOLUSDT,141.889,101,141.89,58,141.891,33,141.892,74,141.893,9,141.894,1,141.895,12,141.896,16,141.9,3,141.901,15,141.888,71,141.887,2,141.886,8,141.885,26,141.884,3,141.883,3,141.882,12,141.881,174,141.88,509,141.879,1
1715247498767,1715247498710290000,BINANCE,SOLUSDT,141.909,15,141.91,17,141.911,1,141.915,10,141.916,3,141.918,11,141.919,28,141.92,4,141.921,2,141.922,1,141.908,95,141.907,83,141.906,4,141.904,88,141.903,79,141.902,51,141.901,72,141.9,98,141.898,1,141.896,45
1715247499018,1715247498953281000,BINANCE,SOLUSDT,141.909,41,141.91,19,141.911,2,141.912,19,141.913,3,141.915,10,141.916,3,141.918,11,141.919,3,141.92,4,141.908,97,141.907,36,141.906,1,141.904,46,141.903,56,141.902,51,141.901,72,141.9,88,141.898,4,141.896,45
1715247499293,1715247499225308000,BINANCE,SOLUSDT,141.909,7,141.91,17,141.911,2,141.915,10,141.918,1,141.919,1,141.92,1,141.921,2,141.922,14,141.924,3,141.908,125,141.907,25,141.906,4,141.905,2,141.904,25,141.903,32,141.902,51,141.901,49,141.9,54,141.898,4
1715247499544,1715247499472107000,BINANCE,SOLUSDT,141.91,59,141.911,2,141.912,19,141.913,5,141.915,10,141.916,3,141.918,12,141.919,13,141.92,20,141.921,2,141.909,49,141.908,33,141.907,22,141.905,10,141.904,22,141.903,22,141.902,21,141.901,46,141.9,51,141.899,1
1715247499792,1715247499728494000,BINANCE,SOLUSDT,141.909,135,141.91,65,141.911,2,141.912,19,141.913,5,141.915,10,141.916,3,141.918,12,141.919,13,141.92,20,141.908,16,141.901,22,141.9,22,141.895,1,141.894,4,141.893,10,141.892,13,141.891,11,141.89,5,141.889,3
1715247500073,1715247500005006000,BINANCE,SOLUSDT,141.877,22,141.88,85,141.881,95,141.882,9,141.883,4,141.884,19,141.885,127,141.886,31,141.887,1,141.888,89,141.876,44,141.875,109,141.873,11,141.872,4,141.871,3,141.87,1,141.868,5,141.866,2,141.865,6,141.863,3
1715247500324,1715247500260067000,BINANCE,SOLUSDT,141.876,163,141.877,61,141.878,70,141.879,82,141.88,99,141.881,44,141.882,9,141.883,4,141.884,19,141.885,100,141.875,81,141.873,1,141.872,4,141.871,2,141.868,5,141.866,5,141.865,9,141.864,3,141.862,2,141.861,5
1715247500620,1715247500560473000,BINANCE,SOLUSDT,141.876,476,141.877,61,141.878,70,141.879,82,141.88,99,141.881,44,141.882,9,141.883,4,141.884,22,141.885,79,141.875,9,141.873,1,141.872,4,141.871,2,141.868,5,141.866,18,141.865,6,141.864,3,141.862,1,141.861,5
1715247500876,1715247500805518000,BINANCE,SOLUSDT,141.866,28,141.867,2,141.874,4,141.875,2,141.876,1,141.877,10,141.878,1,141.879,13,141.88,1,141.881,13,141.865,158,141.864,101,141.863,83,141.862,4,141.859,1,141.858,6,141.857,82,141.856,93,141.855,19,141.854,2
1715247501131,1715247501056651000,BINANCE,SOLUSDT,141.866,33,141.867,2,141.874,5,141.875,1,141.876,4,141.877,9,141.878,12,141.879,13,141.88,4,141.881,10,141.865,123,141.864,80,141.863,83,141.862,4,141.859,1,141.858,67,141.857,82,141.856,93,141.855,19,141.854,5
1715247501395,1715247501320758000,BINANCE,SOLUSDT,141.866,33,141.867,2,141.874,5,141.875,1,141.877,9,141.878,12,141.879,16,141.88,1,141.881,13,141.882,1,141.865,148,141.864,80,141.863,83,141.862,4,141.859,1,141.858,67,141.857,82,141.856,95,141.855,19,141.854,9
1715247501645,1715247501573983000,BINANCE,SOLUSDT,141.875,39,141.878,11,141.879,14,141.88,1,141.881,16,141.882,1,141.883,1,141.885,3,141.886,10,141.887,9,141.874,140,141.872,20,141.871,3,141.87,4,141.869,2,141.868,80,141.867,95,141.866,102,141.865,79,141.864,20
1715247501906,1715247501833851000,BINANCE,SOLUSDT,141.875,47,141.876,17,141.878,12,141.879,14,141.88,4,141.881,16,141.882,1,141.883,4,141.884,20,141.885,3,141.874,33,141.872,3,141.871,3,141.87,3,141.868,45,141.867,48,141.866,62,141.865,69,141.864,20,141.863,11
1715247502176,1715247502105214000,BINANCE,SOLUSDT,141.866,120,141.867,24,141.868,36,141.87,1,141.871,7,141.872,9,141.874,1,141.875,18,141.876,3,141.877,3,141.865,43,141.859,3,141.858,19,141.857,10,141.856,23,141.855,19,141.854,5,141.853,5,141.852,24,141.851,49
1715247502425,1715247502354188000,BINANCE,SOLUSDT,141.866,117,141.867,24,141.868,23,141.87,1,141.871,4,141.872,9,141.874,1,141.875,18,141.876,7,141.877,3,141.865,105,141.864,3,141.862,3,141.86,3,141.859,17,141.858,20,141.856,4,141.855,19,141.854,5,141.853,4
1715247502688,1715247502615210000,BINANCE,SOLUSDT,141.88,1,141.881,1,141.882,1,141.885,2,141.888,1,141.889,4,141.89,4,141.892,21,141.894,1,141.895,28,141.879,15,141.878,101,141.877,3,141.876,20,141.875,23,141.872,20,141.871,47,141.87,79,141.869,87,141.868,60
1715247502941,1715247502888254000,BINANCE,SOLUSDT,141.881,50,141.882,1,141.885,5,141.888,4,141.889,4,141.89,1,141.891,1,141.892,22,141.895,4,141.896,3,141.88,51,141.879,44,141.878,29,141.877,3,141.876,20,141.875,1,141.874,3,141.872,20,141.871,4,141.87,4
1715247503205,1715247503131073000,BINANCE,SOLUSDT,141.881,35,141.882,1,141.884,4,141.885,2,141.886,1,141.888,4,141.889,4,141.89,1,141.891,1,141.892,20,141.88,59,141.879,7,141.878,28,141.877,3,141.876,20,141.875,1,141.874,4,141.872,20,141.871,4,141.87,4
1715247503471,1715247503401175000,BINANCE,SOLUSDT,141.899,1,141.9,3,141.901,11,141.906,21,141.909,4,141.91,17,141.911,2,141.912,16,141.913,3,141.914,17,141.898,34,141.897,11,141.895,73,141.894,170,141.892,20,141.89,113,141.889,31,141.888,17,141.887,12,141.884,26
1715247503725,1715247503652442000,BINANCE,SOLUSDT,141.901,51,141.904,20,141.906,1,141.907,3,141.908,3,141.909,4,141.91,18,141.911,2,141.912,44,141.913,3,141.9,14,141.899,1,141.898,1,141.897,22,141.895,1,141.894,36,141.892,3,141.891,1,141.89,14,141.889,3
1715247503984,1715247503908463000,BINANCE,SOLUSDT,141.872,87,141.874,1,141.875,1,141.876,3,141.877,3,141.878,12,141.879,51,141.88,63,141.882,19,141.883,6,141.871,11,141.869,2,141.866,13,141.865,27,141.862,1,141.86,29,141.859,45,141.855,8,141.854,1,141.853,4
1715247504242,1715247504168468000,BINANCE,SOLUSDT,141.867,34,141.87,27,141.871,11,141.872,17,141.873,6,141.875,1,141.876,7,141.877,7,141.878,4,141.879,43,141.866,68,141.864,17,141.863,60,141.862,28,141.861,35,141.86,42,141.859,36,141.858,74,141.857,48,141.856,20
1715247504495,1715247504422665000,BINANCE,SOLUSDT,141.867,56,141.868,20,141.87,31,141.871,14,141.872,20,141.873,6,141.874,8,141.875,1,141.876,3,141.877,7,141.866,11,141.864,1,141.863,25,141.862,27,141.861,62,141.86,28,141.859,39,141.858,28,141.857,25,141.856,3
1715247504790,1715247504717594000,BINANCE,SOLUSDT,141.863,179,141.864,43,141.865,72,141.866,110,141.867,49,141.868,21,141.869,16,141.87,7,141.871,14,141.872,20,141.862,2,141.86,3,141.859,3,141.858,3,141.855,8,141.854,1,141.853,4,141.852,8,141.851,92,141.85,16
1715247505070,1715247505004917000,BINANCE,SOLUSDT,141.863,16,141.87,1,141.871,1,141.873,6,141.874,1,141.875,10,141.876,4,141.877,7,141.878,12,141.879,45,141.862,60,141.861,11,141.86,20,141.859,4,141.858,4,141.855,9,141.854,2,141.853,4,141.852,8,141.851,93
1715247505317,1715247505256997000,BINANCE,SOLUSDT,141.863,19,141.87,1,141.871,1,141.872,17,141.873,6,141.874,1,141.875,1,141.876,1,141.877,7,141.878,12,141.862,142,141.861,11,141.86,20,141.859,4,141.858,4,141.855,9,141.854,2,141.853,4,141.852,8,141.851,93
1715247505580,1715247505521245000,BINANCE,SOLUSDT,141.863,19,141.87,1,141.871,1,141.872,17,141.873,6,141.874,1,141.875,1,141.876,4,141.877,7,141.878,9,141.862,152,141.861,11,141.86,20,141.859,4,141.858,4,141.855,9,141.854,2,141.853,4,141.852,11,141.851,93
1715247505845,1715247505807646000,BINANCE,SOLUSDT,141.863,19,141.87,1,141.871,1,141.873,6,141.874,1,141.875,1,141.876,1,141.878,9,141.879,45,141.88,30,141.862,156,141.861,11,141.86,20,141.859,4,141.858,4,141.855,9,141.854,5,141.853,4,141.852,11,141.851,93
1715247506158,1715247506090977000,BINANCE,SOLUSDT,141.879,36,141.88,27,141.881,3,141.883,21,141.884,27,141.886,5,141.887,21,141.888,30,141.889,28,141.89,11,141.878,48,141.877,3,141.876,3,141.874,3,141.872,3,141.871,3,141.87,5,141.869,11,141.868,17,141.867,1
1715247506420,1715247506345254000,BINANCE,SOLUSDT,141.881,22,141.883,1,141.884,27,141.886,1,141.887,21,141.888,27,141.89,10,141.891,2,141.892,20,141.893,21,141.88,127,141.879,26,141.878,74,141.877,3,141.876,3,141.875,1,141.874,4,141.873,18,141.872,20,141.871,4
1715247506689,1715247506622260000,BINANCE,SOLUSDT,141.9,10,141.901,10,141.905,3,141.907,13,141.908,3,141.909,3,141.91,17,141.911,9,141.912,8,141.914,10,141.899,112,141.898,73,141.897,49,141.896,75,141.895,4,141.894,4,141.893,49,141.892,17,141.891,1,141.89,4
1715247506943,1715247506868659000,BINANCE,SOLUSDT,141.901,91,141.902,4,141.903,1,141.904,20,141.905,3,141.906,4,141.907,17,141.909,3,141.91,18,141.911,7,141.9,9,141.899,10,141.895,1,141.894,10,141.891,1,141.89,3,141.889,5,141.888,3,141.887,1,141.884,20
1715247507201,1715247507127727000,BINANCE,SOLUSDT,141.901,181,141.902,8,141.903,1,141.904,23,141.905,3,141.906,4,141.907,18,141.908,25,141.909,3,141.91,18,141.9,46,141.899,9,141.895,4,141.894,3,141.892,14,141.891,12,141.89,4,141.889,5,141.888,3,141.887,12
1715247507471,1715247507396534000,BINANCE,SOLUSDT,141.901,167,141.902,8,141.903,1,141.904,23,141.905,7,141.906,4,141.907,18,141.908,25,141.909,3,141.91,20,141.9,164,141.899,9,141.896,3,141.895,4,141.894,3,141.892,14,141.891,12,141.89,4,141.889,5,141.888,3
1715247507747,1715247507673859000,BINANCE,SOLUSDT,141.901,160,141.902,5,141.903,1,141.904,38,141.905,3,141.906,4,141.907,18,141.908,25,141.909,3,141.91,20,141.9,156,141.899,9,141.895,1,141.894,1,141.892,11,141.891,12,141.89,1,141.889,2,141.887,12,141.886,1
1715247508029,1715247507970167000,BINANCE,SOLUSDT,141.901,183,141.902,5,141.903,1,141.904,23,141.905,3,141.906,4,141.907,33,141.908,28,141.909,3,141.91,18,141.9,156,141.899,9,141.895,1,141.894,1,141.892,11,141.891,12,141.89,1,141.889,2,141.887,1,141.886,4
1715247508332,1715247508258110000,BINANCE,SOLUSDT,141.901,97,141.902,1,141.903,1,141.904,23,141.905,3,141.906,3,141.907,18,141.908,28,141.909,3,141.91,17,141.9,212,141.899,10,141.898,4,141.896,3,141.895,4,141.894,4,141.892,14,141.891,12,141.89,4,141.889,5
1715247508584,1715247508509308000,BINANCE,SOLUSDT,141.901,17,141.902,1,141.904,18,141.907,24,141.908,29,141.909,3,141.91,20,141.911,7,141.912,3,141.913,3,141.9,219,141.899,10,141.898,4,141.896,3,141.895,4,141.894,4,141.893,10,141.892,14,141.891,12,141.89,4
1715247508901,1715247508834758000,BINANCE,SOLUSDT,141.902,72,141.903,36,141.904,20,141.905,58,141.906,4,141.907,63,141.908,29,141.909,118,141.91,123,141.911,36,141.901,84,141.9,159,141.899,1,141.898,3,141.896,3,141.895,4,141.894,4,141.892,3,141.891,1,141.89,4
1715247509157,1715247509090675000,BINANCE,SOLUSDT,141.901,184,141.902,42,141.903,37,141.904,26,141.905,6,141.906,10,141.907,55,141.908,32,141.909,118,141.91,124,141.9,164,141.899,1,141.895,4,141.894,3,141.893,19,141.892,14,141.891,12,141.89,4,141.889,5,141.888,3
1715247509437,1715247509373181000,BINANCE,SOLUSDT,141.892,160,141.894,31,141.895,85,141.896,111,141.897,93,141.898,5,141.899,81,141.9,173,141.901,61,141.902,31,141.891,6,141.887,1,141.886,3,141.885,1,141.884,3,141.883,4,141.882,3,141.88,16,141.879,1,141.878,13
1715247509724,1715247509649306000,BINANCE,SOLUSDT,141.892,18,141.894,31,141.895,53,141.896,52,141.897,52,141.898,30,141.899,52,141.9,53,141.901,40,141.902,13,141.891,83,141.89,4,141.889,19,141.888,20,141.887,1,141.886,4,141.885,1,141.884,3,141.883,4,141.882,4
1715247509977,1715247509905646000,BINANCE,SOLUSDT,141.894,31,141.895,1,141.896,26,141.897,30,141.898,30,141.899,26,141.9,27,141.901,41,141.902,13,141.903,11,141.893,11,141.891,87,141.89,4,141.889,4,141.888,20,141.887,1,141.886,4,141.885,1,141.884,3,141.883,4
1715247510230,1715247510158792000,BINANCE,SOLUSDT,141.901,41,141.902,13,141.903,11,141.904,7,141.905,6,141.906,6,141.907,1,141.908,37,141.909,3,141.91,60,141.9,123,141.898,40,141.896,20,141.895,33,141.894,57,141.893,102,141.892,73,141.891,58,141.89,4,141.889,4
1715247510467,1715247510414905000,BINANCE,SOLUSDT,141.912,9,141.913,49,141.914,34,141.915,27,141.917,1,141.918,1,141.919,3,141.92,2,141.921,6,141.922,1,141.911,135,141.91,111,141.908,20,141.907,15,141.906,15,141.905,51,141.904,24,141.903,18,141.902,50,141.901,4
1715247510744,1715247510672351000,BINANCE,SOLUSDT,141.912,61,141.913,55,141.914,38,141.915,27,141.916,4,141.917,1,141.918,5,141.919,4,141.92,22,141.921,6,141.911,12,141.91,3,141.908,3,141.907,4,141.906,4,141.905,10,141.904,4,141.903,44,141.902,50,141.901,4
1715247511034,1715247510977244000,BINANCE,SOLUSDT,141.926,19,141.93,42,141.931,9,141.932,42,141.934,10,141.935,7,141.936,17,141.937,8,141.938,35,141.94,6,141.925,245,141.924,89,141.923,7,141.922,5,141.921,63,141.92,30,141.919,33,141.918,108,141.917,93,141.916,114
1715247511289,1715247511224471000,BINANCE,SOLUSDT,141.934,38,141.935,7,141.936,20,141.937,8,141.938,34,141.94,1,141.941,10,141.942,1,141.943,10,141.944,7,141.933,120,141.932,3,141.931,4,141.93,4,141.929,65,141.928,51,141.926,109,141.925,128,141.924,49,141.923,7
1715247511544,1715247511472602000,BINANCE,SOLUSDT,141.934,40,141.935,43,141.936,64,141.937,9,141.938,28,141.939,3,141.94,3,141.941,10,141.942,1,141.943,10,141.933,105,141.932,3,141.931,4,141.93,4,141.929,65,141.928,33,141.926,109,141.925,108,141.924,32,141.923,7
1715247511816,1715247511761296000,BINANCE,SOLUSDT,141.955,43,141.957,21,141.958,42,141.959,2,141.96,1,141.964,14,141.968,12,141.969,8,141.97,6,141.971,16,141.954,123,141.953,209,141.952,84,141.951,1,141.95,4,141.949,47,141.948,31,141.947,37,141.946,70,141.945,141
1715247512067,1715247511995428000,BINANCE,SOLUSDT,141.968,79,141.969,58,141.97,1,141.971,23,141.972,31,141.974,14,141.975,1,141.976,52,141.977,11,141.978,22,141.967,12,141.966,3,141.964,85,141.963,72,141.962,3,141.961,3,141.96,56,141.959,83,141.958,14,141.956,3
1715247512331,1715247512279517000,BINANCE,SOLUSDT,141.968,11,141.969,8,141.971,23,141.972,7,141.973,6,141.974,13,141.975,1,141.977,11,141.978,25,141.979,1,141.967,128,141.966,4,141.965,43,141.964,85,141.963,72,141.962,4,141.961,3,141.96,56,141.959,83,141.958,14
1715247512600,1715247512527693000,BINANCE,SOLUSDT,141.968,11,141.969,8,141.971,7,141.972,1,141.973,6,141.974,10,141.975,1,141.977,8,141.978,25,141.979,1,141.967,137,141.966,5,141.965,42,141.964,85,141.963,72,141.962,4,141.961,3,141.96,58,141.959,83,141.958,14
1715247512859,1715247512784791000,BINANCE,SOLUSDT,141.978,25,141.982,1,141.984,8,141.985,20,141.988,17,141.989,1,141.99,19,141.991,39,141.993,8,141.994,1,141.977,203,141.976,141,141.975,82,141.974,33,141.973,3,141.972,20,141.971,1,141.97,51,141.969,62,141.968,105
1715247513127,1715247513055547000,BINANCE,SOLUSDT,141.978,31,141.98,19,141.982,2,141.984,8,141.985,20,141.988,17,141.989,1,141.99,22,141.991,39,141.992,3,141.977,173,141.976,103,141.975,82,141.974,32,141.973,3,141.972,20,141.971,1,141.97,51,141.969,62,141.968,105
1715247513382,1715247513311208000,BINANCE,SOLUSDT,141.968,58,141.97,5,141.971,144,141.972,341,141.973,3,141.974,4,141.975,138,141.976,86,141.977,56,141.978,57,141.967,1,141.964,27,141.963,1,141.961,66,141.96,2,141.959,1,141.958,10,141.957,6,141.956,2,141.955,43
1715247513634,1715247513589867000,BINANCE,SOLUSDT,141.905,77,141.906,60,141.915,35,141.916,11,141.917,11,141.918,27,141.924,40,141.927,1,141.93,31,141.931,4,141.904,37,141.901,21,141.9,3,141.896,3,141.894,11,141.893,58,141.891,44,141.89,1,141.888,43,141.887,7
1715247513886,1715247513816116000,BINANCE,SOLUSDT,141.892,184,141.893,116,141.894,4,141.896,19,141.898,4,141.9,4,141.901,96,141.902,436,141.904,22,141.905,2,141.891,13,141.89,1,141.887,5,141.886,6,141.883,3,141.882,4,141.881,1,141.88,3,141.878,1,141.877,3
1715247514138,1715247514084044000,BINANCE,SOLUSDT,141.877,161,141.878,1,141.879,1,141.88,114,141.881,119,141.883,42,141.884,19,141.886,13,141.887,44,141.888,46,141.876,1,141.875,13,141.873,14,141.87,1,141.868,2,141.866,41,141.865,51,141.863,4,141.862,4,141.861,11
1715247514378,1715247514316920000,BINANCE,SOLUSDT,141.874,75,141.875,26,141.876,26,141.877,26,141.878,2,141.88,80,141.881,27,141.883,3,141.884,19,141.885,8,141.873,121,141.871,3,141.87,3,141.868,4,141.867,14,141.866,41,141.865,3,141.864,3,141.862,8,141.86,2
1715247514672,1715247514600838000,BINANCE,SOLUSDT,141.892,28,141.9,18,141.901,3,141.902,2,141.903,12,141.904,12,141.908,1,141.91,16,141.911,3,141.912,28,141.891,49,141.89,60,141.889,67,141.888,21,141.886,4,141.885,68,141.884,98,141.883,93,141.882,50,141.88,51
1715247514926,1715247514850469000,BINANCE,SOLUSDT,141.891,123,141.892,21,141.896,1,141.898,18,141.899,12,141.9,18,141.901,3,141.902,1,141.903,12,141.904,1,141.89,33,141.889,3,141.888,3,141.886,3,141.884,1,141.883,13,141.882,3,141.88,24,141.879,44,141.877,4
1715247515196,1715247515120565000,BINANCE,SOLUSDT,141.906,1,141.909,25,141.911,3,141.915,5,141.916,8,141.919,15,141.92,3,141.921,9,141.922,13,141.924,3,141.905,91,141.904,22,141.901,5,141.9,77,141.899,95,141.898,58,141.896,21,141.895,3,141.894,3,141.893,45
1715247515451,1715247515403811000,BINANCE,SOLUSDT,141.947,77,141.948,26,141.949,3,141.951,12,141.952,6,141.954,3,141.955,3,141.956,18,141.958,4,141.96,3,141.946,65,141.945,40,141.944,30,141.94,109,141.939,93,141.938,832,141.937,5,141.936,3,141.934,4,141.932,1
1715247515705,1715247515631755000,BINANCE,SOLUSDT,141.947,11,141.948,8,141.949,3,141.951,9,141.952,3,141.956,18,141.961,1,141.962,1,141.963,7,141.964,4,141.946,118,141.945,11,141.944,19,141.943,3,141.942,3,141.941,2,141.94,85,141.939,93,141.938,832,141.937,4
1715247515960,1715247515888918000,BINANCE,SOLUSDT,141.961,1,141.962,1,141.963,7,141.971,28,141.973,14,141.974,18,141.976,1,141.977,4,141.978,2,141.981,13,141.96,31,141.958,4,141.955,3,141.954,24,141.953,30,141.952,103,141.951,150,141.95,115,141.949,94,141.948,87
1715247516212,1715247516141550000,BINANCE,SOLUSDT,141.971,68,141.972,18,141.973,7,141.974,3,141.976,1,141.978,12,141.98,3,141.981,8,141.982,13,141.984,19,141.97,192,141.968,1,141.967,3,141.966,3,141.965,54,141.964,81,141.963,54,141.962,92,141.961,89,141.96,62
1715247516464,1715247516397637000,BINANCE,SOLUSDT,141.971,38,141.972,18,141.973,7,141.974,3,141.976,1,141.978,12,141.98,21,141.981,8,141.982,13,141.984,11,141.97,179,141.968,1,141.967,3,141.966,3,141.965,27,141.964,58,141.963,54,141.962,91,141.961,65,141.96,32
1715247516718,1715247516653511000,BINANCE,SOLUSDT,141.961,188,141.962,32,141.963,22,141.964,19,141.967,8,141.968,3,141.969,101,141.97,144,141.971,90,141.972,21,141.96,82,141.956,1,141.955,3,141.954,3,141.952,21,141.951,1,141.95,1,141.949,26,141.948,3,141.946,5
1715247516964,1715247516898102000,BINANCE,SOLUSDT,141.961,155,141.962,27,141.963,12,141.964,4,141.967,11,141.968,1,141.969,64,141.97,88,141.971,18,141.972,21,141.96,1,141.956,1,141.955,3,141.954,3,141.952,1,141.95,1,141.949,13,141.948,3,141.946,5,141.945,11
1715247517223,1715247517149303000,BINANCE,SOLUSDT,141.961,471,141.963,1,141.967,8,141.968,40,141.969,64,141.97,88,141.971,18,141.972,18,141.973,1,141.974,4,141.96,108,141.958,3,141.956,1,141.955,3,141.954,3,141.952,23,141.95,6,141.949,13,141.948,3,141.947,41
1715247517474,1715247517412743000,BINANCE,SOLUSDT,141.961,440,141.963,1,141.964,3,141.966,3,141.967,11,141.968,40,141.969,64,141.97,88,141.971,43,141.972,21,141.96,40,141.952,1,141.951,1,141.95,1,141.949,13,141.948,3,141.946,5,141.945,10,141.944,1,141.943,8
1715247517748,1715247517678150000,BINANCE,SOLUSDT,141.947,102,141.948,19,141.949,47,141.95,85,141.951,109,141.952,128,141.953,5,141.955,8,141.956,20,141.958,5,141.946,7,141.943,4,141.942,3,141.94,12,141.939,89,141.938,832,141.937,4,141.936,3,141.934,3,141.933,1
1715247518009,1715247517936920000,BINANCE,SOLUSDT,141.947,73,141.948,19,141.949,47,141.95,85,141.951,109,141.952,128,141.953,5,141.954,3,141.955,4,141.956,20,141.946,11,141.943,1,141.94,9,141.939,89,141.938,832,141.937,4,141.936,3,141.934,4,141.933,1,141.932,1
1715247518265,1715247518194816000,BINANCE,SOLUSDT,141.939,223,141.94,139,141.941,95,141.942,21,141.943,98,141.944,30,141.945,30,141.946,59,141.947,19,141.948,22,141.938,833,141.937,1,141.933,1,141.932,1,141.929,2,141.928,1,141.926,1,141.925,3,141.924,3,141.922,4
1715247518534,1715247518480548000,BINANCE,SOLUSDT,141.938,78,141.939,10,141.94,19,141.941,10,141.942,43,141.943,13,141.946,4,141.947,1,141.949,23,141.95,3,141.937,29,141.934,4,141.93,10,141.928,4,141.924,4,141.923,10,141.922,1,141.921,3,141.92,97,141.916,55
1715247518783,1715247518711932000,BINANCE,SOLUSDT,141.941,19,141.942,2,141.947,1,141.949,1,141.951,15,141.952,32,141.953,5,141.955,1,141.956,12,141.957,7,141.94,80,141.939,34,141.938,145,141.937,49,141.936,22,141.935,3,141.934,4,141.932,3,141.931,14,141.93,10
1715247519051,1715247518978053000,BINANCE,SOLUSDT,141.941,24,141.946,1,141.947,1,141.949,13,141.95,3,141.951,12,141.952,21,141.953,2,141.954,3,141.955,4,141.94,61,141.939,76,141.938,101,141.937,52,141.936,22,141.935,1,141.934,4,141.932,22,141.931,14,141.93,3
1715247519300,1715247519229058000,BINANCE,SOLUSDT,141.952,8,141.957,4,141.96,21,141.963,1,141.965,1,141.966,3,141.968,4,141.97,6,141.971,10,141.972,3,141.951,242,141.95,71,141.949,90,141.948,22,141.947,1,141.946,17,141.943,4,141.942,18,141.941,10,141.94,30
1715247519539,1715247519486453000,BINANCE,SOLUSDT,141.952,183,141.957,4,141.958,4,141.96,24,141.961,3,141.963,2,141.964,3,141.965,1,141.966,3,141.967,22,141.951,94,141.949,31,141.948,3,141.947,1,141.946,3,141.944,3,141.943,4,141.942,4,141.941,10,141.94,4
1715247519829,1715247519753408000,BINANCE,SOLUSDT,141.952,183,141.954,1,141.957,4,141.958,1,141.96,21,141.962,7,141.963,2,141.964,3,141.965,1,141.966,3,141.951,92,141.949,31,141.948,3,141.947,1,141.946,3,141.944,3,141.943,4,141.942,4,141.941,10,141.94,4
1715247520116,1715247520050727000,BINANCE,SOLUSDT,141.924,34,141.925,10,141.926,4,141.927,1,141.93,38,141.931,17,141.932,87,141.934,6,141.935,1,141.936,31,141.923,25,141.92,1,141.915,5,141.914,1,141.913,1,141.912,104,141.911,775,141.91,363,141.909,1,141.908,28
1715247520367,1715247520300016000,BINANCE,SOLUSDT,141.931,16,141.935,1,141.936,15,141.939,4,141.94,21,141.942,9,141.943,6,141.944,23,141.945,3,141.946,1,141.93,202,141.928,70,141.927,63,141.926,136,141.925,3,141.924,145,141.923,67,141.922,2,141.92,20,141.919,4
1715247520626,1715247520551943000,BINANCE,SOLUSDT,141.935,1,141.936,15,141.939,4,141.94,2,141.941,1,141.942,9,141.943,6,141.944,10,141.945,3,141.947,1,141.934,286,141.932,22,141.931,123,141.93,141,141.929,1,141.928,70,141.927,63,141.926,135,141.925,3,141.924,32
1715247520880,1715247520804607000,BINANCE,SOLUSDT,141.935,419,141.936,15,141.938,1,141.939,4,141.94,2,141.941,1,141.942,10,141.943,6,141.944,10,141.945,3,141.934,104,141.932,3,141.931,61,141.93,106,141.928,3,141.927,59,141.926,99,141.925,3,141.924,19,141.923,1
1715247521161,1715247521089779000,BINANCE,SOLUSDT,141.935,419,141.936,15,141.938,1,141.939,4,141.94,2,141.941,1,141.942,10,141.943,6,141.944,5,141.945,3,141.934,54,141.932,3,141.931,61,141.93,106,141.928,45,141.927,59,141.926,99,141.925,3,141.924,19,141.923,1
1715247521422,1715247521351560000,BINANCE,SOLUSDT,141.95,1,141.952,150,141.96,1,141.963,1,141.965,58,141.966,4,141.967,124,141.968,6,141.97,12,141.971,10,141.949,199,141.948,147,141.947,8,141.946,4,141.945,85,141.944,111,141.943,127,141.942,16,141.94,46,141.939,1
1715247521703,1715247521632276000,BINANCE,SOLUSDT,141.952,153,141.959,1,141.96,13,141.962,1,141.963,1,141.964,12,141.965,83,141.966,4,141.967,121,141.968,3,141.951,257,141.95,100,141.949,94,141.948,121,141.947,8,141.946,4,141.944,112,141.943,127,141.942,16,141.94,46
1715247522049,1715247521976198000,BINANCE,SOLUSDT,141.952,154,141.955,1,141.958,4,141.959,1,141.96,13,141.962,13,141.963,1,141.964,3,141.965,83,141.966,1,141.951,144,141.95,99,141.949,92,141.948,121,141.947,8,141.946,3,141.945,46,141.944,112,141.943,127,141.942,16
1715247522317,1715247522243112000,BINANCE,SOLUSDT,141.952,154,141.955,1,141.958,1,141.959,4,141.96,1,141.962,1,141.963,1,141.965,83,141.966,4,141.967,125,141.951,131,141.95,99,141.949,92,141.948,121,141.947,8,141.946,3,141.945,46,141.944,112,141.943,127,141.942,16
1715247522570,1715247522503550000,BINANCE,SOLUSDT,141.952,187,141.954,4,141.955,4,141.956,3,141.958,4,141.959,6,141.96,4,141.961,28,141.962,4,141.963,297,141.951,21,141.945,46,141.944,59,141.943,73,141.942,13,141.939,1,141.938,1,141.937,20,141.936,3,141.935,2
1715247522856,1715247522788945000,BINANCE,SOLUSDT,141.878,1,141.88,22,141.884,103,141.885,120,141.886,122,141.887,10,141.888,20,141.892,20,141.894,9,141.895,16,141.877,8,141.876,32,141.874,13,141.873,10,141.868,29,141.867,3,141.866,66,141.862,3,141.861,3,141.86,16
1715247523111,1715247523037905000,BINANCE,SOLUSDT,141.867,68,141.868,21,141.869,14,141.872,21,141.873,20,141.874,132,141.876,23,141.877,16,141.878,26,141.879,2,141.866,33,141.862,3,141.86,2,141.859,10,141.858,1,141.855,9,141.854,1,141.853,15,141.851,14,141.85,16
1715247523371,1715247523301397000,BINANCE,SOLUSDT,141.863,177,141.864,28,141.866,85,141.867,162,141.868,24,141.869,14,141.87,3,141.871,54,141.872,21,141.873,20,141.862,3,141.86,2,141.855,9,141.854,1,141.853,15,141.851,14,141.85,17,141.849,21,141.848,57,141.847,8
1715247523634,1715247523567425000,BINANCE,SOLUSDT,141.863,238,141.864,20,141.866,85,141.867,158,141.868,24,141.869,14,141.87,3,141.871,10,141.872,21,141.873,20,141.862,28,141.86,2,141.855,9,141.854,1,141.853,18,141.852,3,141.851,15,141.85,16,141.849,21,141.848,57
1715247523962,1715247523898363000,BINANCE,SOLUSDT,141.863,183,141.864,20,141.866,85,141.867,157,141.868,24,141.869,14,141.87,3,141.871,10,141.872,21,141.873,20,141.862,38,141.86,2,141.855,9,141.854,1,141.853,18,141.852,3,141.851,15,141.85,16,141.849,21,141.848,4
1715247524234,1715247524161054000,BINANCE,SOLUSDT,141.863,192,141.864,20,141.866,85,141.867,157,141.868,24,141.869,14,141.87,3,141.871,13,141.872,21,141.874,29,141.862,13,141.86,2,141.855,9,141.854,1,141.853,15,141.851,14,141.85,16,141.849,21,141.848,4,141.847,8
1715247524560,1715247524486596000,BINANCE,SOLUSDT,141.863,129,141.864,20,141.865,6,141.866,56,141.867,157,141.868,21,141.869,14,141.871,10,141.872,21,141.874,29,141.862,30,141.86,2,141.859,3,141.855,9,141.854,1,141.853,18,141.852,3,141.851,14,141.85,16,141.849,21
1715247524816,1715247524743353000,BINANCE,SOLUSDT,141.863,128,141.864,20,141.866,24,141.867,157,141.868,21,141.869,14,141.871,10,141.872,21,141.874,29,141.875,4,141.862,88,141.86,2,141.859,3,141.858,3,141.855,9,141.854,1,141.853,18,141.852,3,141.851,14,141.85,17
1715247525070,1715247524996090000,BINANCE,SOLUSDT,141.863,114,141.864,20,141.866,24,141.867,157,141.868,20,141.869,14,141.871,10,141.872,21,141.874,29,141.875,4,141.862,56,141.86,2,141.859,3,141.858,3,141.856,1,141.855,9,141.854,1,141.853,18,141.852,5,141.851,14
1715247525318,1715247525249233000,BINANCE,SOLUSDT,141.863,123,141.864,20,141.866,30,141.867,157,141.868,23,141.869,14,141.87,3,141.871,10,141.872,21,141.874,29,141.862,66,141.86,2,141.856,1,141.855,9,141.854,1,141.853,18,141.852,5,141.851,14,141.85,17,141.849,21
1715247525579,1715247525532108000,BINANCE,SOLUSDT,141.863,122,141.864,20,141.866,30,141.867,157,141.868,24,141.869,14,141.87,3,141.871,10,141.872,21,141.874,29,141.862,76,141.86,2,141.855,9,141.854,1,141.853,18,141.852,5,141.851,14,141.85,17,141.849,21,141.848,4
1715247525919,1715247525844037000,BINANCE,SOLUSDT,141.863,193,141.864,23,141.865,3,141.866,30,141.867,157,141.868,27,141.869,14,141.87,3,141.871,13,141.872,21,141.862,46,141.86,2,141.855,9,141.854,1,141.853,15,141.851,14,141.85,16,141.849,21,141.848,4,141.847,8
1715247526200,1715247526141888000,BINANCE,SOLUSDT,141.85,101,141.851,12,141.852,36,141.853,1,141.854,1,141.856,122,141.86,11,141.861,1,141.862,12,141.863,67,141.849,65,141.848,4,141.847,8,141.846,4,141.845,9,141.844,9,141.843,11,141.842,6,141.841,138,141.84,13
1715247526470,1715247526403311000,BINANCE,SOLUSDT,141.85,88,141.852,32,141.853,1,141.854,1,141.856,121,141.86,11,141.861,1,141.862,17,141.863,67,141.864,24,141.849,75,141.848,4,141.847,8,141.846,4,141.845,9,141.844,10,141.843,11,141.842,6,141.841,138,141.84,13
1715247526738,1715247526674654000,BINANCE,SOLUSDT,141.85,380,141.851,1,141.852,35,141.853,4,141.854,1,141.856,26,141.858,3,141.859,3,141.86,11,141.861,26,141.849,21,141.848,4,141.847,5,141.846,1,141.845,3,141.843,11,141.842,5,141.841,6,141.84,11,141.839,51
1715247527007,1715247526933187000,BINANCE,SOLUSDT,141.85,176,141.851,1,141.852,31,141.853,1,141.854,1,141.856,26,141.858,3,141.86,11,141.861,26,141.862,17,141.849,62,141.848,4,141.847,8,141.846,1,141.845,3,141.844,11,141.843,11,141.842,5,141.841,9,141.84,15
1715247527272,1715247527201333000,BINANCE,SOLUSDT,141.853,1,141.854,1,141.856,2,141.86,1,141.861,25,141.862,5,141.863,10,141.864,1,141.866,52,141.867,121,141.852,238,141.851,82,141.85,11,141.849,140,141.848,50,141.847,177,141.846,95,141.845,3,141.844,20,141.843,11
1715247527524,1715247527451549000,BINANCE,SOLUSDT,141.856,22,141.859,1,141.86,1,141.862,6,141.863,10,141.864,21,141.866,51,141.867,121,141.868,26,141.869,10,141.855,52,141.854,60,141.853,113,141.852,87,141.851,5,141.85,1,141.849,80,141.848,38,141.847,134,141.846,58
1715247527777,1715247527729786000,BINANCE,SOLUSDT,141.856,86,141.858,1,141.859,1,141.861,14,141.862,34,141.863,13,141.864,24,141.865,3,141.866,50,141.867,121,141.855,48,141.852,5,141.848,6,141.847,52,141.846,36,141.845,3,141.843,11,141.842,5,141.841,9,141.84,15
1715247528042,1715247528034872000,BINANCE,SOLUSDT,141.876,87,141.877,9,141.878,1,141.882,13,141.883,2,141.884,82,141.885,34,141.886,56,141.887,5,141.888,1,141.874,60,141.873,52,141.872,51,141.871,60,141.87,58,141.869,59,141.868,59,141.867,58,141.866,58,141.865,53
1715247528295,1715247528235252000,BINANCE,SOLUSDT,141.876,64,141.878,45,141.879,1,141.88,20,141.882,1,141.883,2,141.884,24,141.885,121,141.886,29,141.887,1,141.875,48,141.871,3,141.87,10,141.869,19,141.864,23,141.863,1,141.862,16,141.86,20,141.859,19,141.858,4
1715247528544,1715247528473955000,BINANCE,SOLUSDT,141.879,1,141.88,20,141.883,1,141.884,44,141.885,79,141.886,35,141.887,1,141.888,21,141.889,2,141.89,28,141.878,133,141.877,118,141.876,88,141.875,60,141.874,1,141.871,3,141.87,11,141.869,1,141.868,20,141.866,1
1715247528824,1715247528749991000,BINANCE,SOLUSDT,141.879,66,141.88,20,141.883,1,141.884,44,141.885,79,141.886,35,141.887,1,141.888,21,141.889,2,141.89,29,141.878,151,141.877,45,141.876,63,141.875,60,141.874,1,141.871,3,141.87,14,141.869,1,141.868,20,141.866,1
1715247529076,1715247529010230000,BINANCE,SOLUSDT,141.879,69,141.88,20,141.883,1,141.884,47,141.885,79,141.886,39,141.887,1,141.888,27,141.889,5,141.89,29,141.878,124,141.877,19,141.875,14,141.874,1,141.871,3,141.87,14,141.869,1,141.868,20,141.866,1,141.865,3
1715247529331,1715247529260539000,BINANCE,SOLUSDT,141.879,38,141.88,20,141.883,1,141.884,47,141.885,79,141.886,39,141.887,1,141.888,27,141.889,5,141.89,29,141.878,144,141.877,19,141.875,14,141.874,1,141.872,3,141.871,3,141.87,14,141.869,1,141.868,20,141.866,1
1715247529589,1715247529515354000,BINANCE,SOLUSDT,141.879,39,141.88,20,141.883,1,141.884,47,141.885,79,141.886,39,141.887,1,141.888,27,141.889,5,141.89,29,141.878,205,141.877,19,141.875,14,141.874,1,141.872,3,141.871,3,141.87,14,141.869,1,141.868,20,141.866,1
1715247529884,1715247529823981000,BINANCE,SOLUSDT,141.894,1,141.899,16,141.9,3,141.901,2,141.902,18,141.903,12,141.905,3,141.907,1,141.91,3,141.911,2,141.893,95,141.892,149,141.891,134,141.89,13,141.889,45,141.888,108,141.887,1,141.885,7,141.884,23,141.883,1
1715247530136,1715247530065290000,BINANCE,SOLUSDT,141.903,111,141.904,22,141.905,8,141.906,37,141.907,4,141.908,3,141.909,7,141.91,4,141.911,1,141.912,25,141.902,69,141.901,63,141.9,52,141.896,3,141.895,49,141.894,116,141.893,7,141.892,23,141.891,1,141.89,2
1715247530390,1715247530321694000,BINANCE,SOLUSDT,141.903,525,141.904,41,141.905,28,141.906,45,141.907,12,141.908,3,141.909,3,141.91,4,141.911,1,141.912,25,141.902,74,141.901,63,141.9,52,141.898,4,141.895,49,141.894,104,141.891,1,141.89,1,141.889,4,141.887,5
1715247530655,1715247530580603000,BINANCE,SOLUSDT,141.903,495,141.904,21,141.905,3,141.906,45,141.907,12,141.908,3,141.909,3,141.91,4,141.911,1,141.912,25,141.902,95,141.901,63,141.9,52,141.898,5,141.895,50,141.894,105,141.892,3,141.891,1,141.89,1,141.889,7
1715247530932,1715247530867143000,BINANCE,SOLUSDT,141.903,472,141.904,21,141.905,5,141.906,36,141.907,2,141.908,10,141.909,11,141.91,4,141.911,1,141.912,25,141.902,80,141.901,63,141.9,52,141.898,5,141.895,50,141.894,105,141.891,1,141.89,1,141.889,3,141.888,3
1715247531184,1715247531115679000,BINANCE,SOLUSDT,141.905,113,141.906,7,141.907,1,141.908,26,141.909,11,141.91,3,141.912,25,141.913,3,141.914,3,141.915,30,141.904,141,141.903,74,141.902,48,141.9,21,141.899,1,141.898,5,141.895,1,141.894,1,141.891,1,141.89,1
1715247531431,1715247531368730000,BINANCE,SOLUSDT,141.905,115,141.906,7,141.907,17,141.908,26,141.909,3,141.91,4,141.912,25,141.913,3,141.914,4,141.915,30,141.904,117,141.903,65,141.902,38,141.9,1,141.899,1,141.898,4,141.896,3,141.895,1,141.894,1,141.893,3
1715247531687,1715247531619722000,BINANCE,SOLUSDT,141.905,168,141.906,8,141.907,11,141.908,26,141.909,3,141.91,4,141.911,1,141.912,25,141.913,3,141.914,4,141.904,72,141.903,38,141.902,37,141.9,1,141.898,4,141.895,1,141.894,1,141.891,1,141.89,1,141.889,3
1715247531973,1715247531906185000,BINANCE,SOLUSDT,141.905,88,141.906,5,141.907,11,141.908,23,141.91,4,141.911,1,141.912,29,141.913,3,141.914,4,141.915,30,141.904,119,141.903,38,141.902,37,141.9,4,141.898,5,141.897,3,141.896,3,141.895,1,141.894,1,141.893,3
1715247532225,1715247532161776000,BINANCE,SOLUSDT,141.905,259,141.906,8,141.907,2,141.908,6,141.909,3,141.91,4,141.911,1,141.912,25,141.913,3,141.914,8,141.904,82,141.903,38,141.902,37,141.9,1,141.898,4,141.897,12,141.896,23,141.895,1,141.894,1,141.893,3
1715247532479,1715247532420921000,BINANCE,SOLUSDT,141.905,297,141.906,5,141.907,2,141.908,3,141.91,4,141.911,1,141.912,25,141.913,3,141.914,4,141.915,34,141.904,129,141.903,38,141.902,37,141.9,4,141.897,16,141.896,23,141.895,1,141.894,1,141.893,3,141.892,3
1715247532803,1715247532736024000,BINANCE,SOLUSDT,141.905,282,141.906,5,141.907,2,141.908,3,141.91,4,141.911,1,141.912,22,141.913,3,141.914,4,141.915,30,141.904,124,141.903,38,141.902,37,141.901,3,141.9,4,141.897,16,141.896,23,141.895,1,141.894,1,141.893,3
