timestamp,local_timestamp,exchange,symbol,ask_1_price,ask_1_qty,ask_2_price,ask_2_qty,ask_3_price,ask_3_qty,ask_4_price,ask_4_qty,ask_5_price,ask_5_qty,ask_6_price,ask_6_qty,ask_7_price,ask_7_qty,ask_8_price,ask_8_qty,ask_9_price,ask_9_qty,ask_10_price,ask_10_qty,bid_1_price,bid_1_qty,bid_2_price,bid_2_qty,bid_3_price,bid_3_qty,bid_4_price,bid_4_qty,bid_5_price,bid_5_qty,bid_6_price,bid_6_qty,bid_7_price,bid_7_qty,bid_8_price,bid_8_qty,bid_9_price,bid_9_qty,bid_10_price,bid_10_qty
1715247432791,1715247432737401000,GATE,ETHUSDT,2963.55,19.33,2963.6,9.72,2963.75,2.69,2963.8,2.83,2963.85,7.21,2963.9,27.05,2963.95,19.77,2964,11.57,2964.05,1.63,2964.1,24.45,2963.5,19.13,2963.45,1.36,2963.4,8.37,2963.35,5.51,2963.3,10.22,2963.25,33.64,2963.2,17.64,2963.15,16.78,2963.1,11.66,2963.05,13.78
1715247432894,1715247432836191000,GATE,ETHUSDT,2963.55,19.61,2963.65,0.96,2963.75,3.81,2963.8,2.83,2963.85,7.26,2963.9,46.22,2963.95,14.27,2964,16.13,2964.05,0.67,2964.1,18.47,2963.5,35.88,2963.45,1.36,2963.4,8.37,2963.35,5.51,2963.3,6.58,2963.25,27.57,2963.2,17.64,2963.15,16.78,2963.1,11.52,2963.05,22.52
1715247432992,1715247432931362000,GATE,ETHUSDT,2963.55,3.87,2963.75,2.85,2963.8,4.73,2963.85,7.26,2963.9,46.22,2963.95,12.37,2964,14.93,2964.05,0.03,2964.1,18.61,2964.15,20.73,2963.5,45.08,2963.45,7.96,2963.4,8.37,2963.35,5.61,2963.3,6.61,2963.25,27.57,2963.2,17.64,2963.15,16.78,2963.1,11.52,2963.05,22.52
1715247433095,1715247433038216000,GATE,ETHUSDT,2963.55,17.2,2963.75,2.69,2963.8,4.73,2963.85,8.15,2963.9,16.01,2964,12.12,2964.05,3.05,2964.1,21.25,2964.15,16.88,2964.2,21.39,2963.5,40.75,2963.45,12.99,2963.4,8.38,2963.35,0.01,2963.3,0.03,2963.25,16.91,2963.2,5.51,2963.15,18.09,2963.1,11.52,2963.05,11.11
1715247433197,1715247433227712000,GATE,ETHUSDT,2963.95,53.06,2964.05,10.12,2964.1,10.69,2964.25,7.45,2964.3,5.12,2964.35,0.7,2964.4,5.56,2964.45,20.68,2964.5,2.51,2964.55,12.23,2963.9,1.2,2963.85,26.25,2963.8,4.11,2963.75,2.14,2963.55,15.79,2963.5,30.34,2963.45,1.36,2963.4,14.73,2963.35,5.54,2963.25,15.52
1715247433299,1715247433236613000,GATE,ETHUSDT,2963.75,0.1,2963.85,0.05,2963.9,13.16,2963.95,24.13,2964.05,8.06,2964.1,0.14,2964.15,17.69,2964.2,0.01,2964.3,10.73,2964.35,6.28,2963.7,47.5,2963.65,12.81,2963.55,16.59,2963.5,35.02,2963.45,1.36,2963.4,13.88,2963.35,0.01,2963.3,5.61,2963.25,27.44,2963.2,13.81
1715247433392,1715247433334816000,GATE,ETHUSDT,2963.95,1.88,2964.1,0.14,2964.15,11.98,2964.2,8.11,2964.25,9.72,2964.3,10.73,2964.35,6.28,2964.4,0.05,2964.45,16.84,2964.5,9.35,2963.9,94.66,2963.85,10.49,2963.8,32.94,2963.75,9.2,2963.7,16.96,2963.65,8.06,2963.55,17.27,2963.5,12.8,2963.45,6.97,2963.4,13.88
1715247433491,1715247433427039000,GATE,ETHUSDT,2963.95,7.6,2964.1,1.2,2964.15,13.91,2964.2,8.78,2964.25,9.72,2964.3,5.12,2964.35,14.01,2964.4,5.65,2964.45,16.74,2964.5,9.35,2963.9,88.16,2963.85,10.49,2963.75,3.03,2963.7,10.39,2963.65,7.06,2963.55,13.42,2963.5,20.36,2963.45,12.58,2963.4,13.91,2963.35,5.62
1715247433599,1715247433545516000,GATE,ETHUSDT,2963.95,9.19,2964.1,0.19,2964.15,13.91,2964.2,0.01,2964.25,9.72,2964.3,5.12,2964.35,13.34,2964.4,0.1,2964.45,16.74,2964.5,8.68,2963.9,99.16,2963.85,10.49,2963.75,5.6,2963.7,5.5,2963.65,4.92,2963.6,5.5,2963.55,13.42,2963.5,20.36,2963.45,12.58,2963.4,13.91
1715247433691,1715247433636580000,GATE,ETHUSDT,2964.1,0.69,2964.15,0.03,2964.2,0.01,2964.3,5.12,2964.35,15.83,2964.4,0.51,2964.45,20.84,2964.5,12.89,2964.55,7.23,2964.6,19.77,2964.05,80.02,2963.95,0.01,2963.9,23.25,2963.85,10.49,2963.75,8.9,2963.7,5.61,2963.65,10.17,2963.6,5.5,2963.55,13.42,2963.5,25.4
1715247433802,1715247433746455000,GATE,ETHUSDT,2964.45,16.57,2964.5,0.06,2964.6,21.49,2964.7,11.53,2964.75,18.01,2964.8,1.68,2964.85,39.19,2964.9,8.41,2964.95,3.12,2965,6.62,2964.4,51.88,2964.3,0.52,2964.25,14.62,2964.2,11.56,2964.15,22.41,2964.05,28.12,2963.95,19.59,2963.9,21.96,2963.8,8.3,2963.75,14.51
1715247433898,1715247433835913000,GATE,ETHUSDT,2964.45,1.49,2964.6,12.89,2964.7,0.05,2964.75,16.5,2964.8,9.1,2964.85,38.44,2964.9,2.7,2964.95,3.22,2965,6.62,2965.05,8.93,2964.4,51.88,2964.25,14.72,2964.2,11.56,2964.15,16.68,2964.05,28.12,2964,0.01,2963.95,19.59,2963.9,21.96,2963.85,18.1,2963.8,13.34
1715247433991,1715247433929800000,GATE,ETHUSDT,2964.45,0.67,2964.6,0.17,2964.7,0.05,2964.75,11.46,2964.8,1.01,2964.85,16.87,2964.9,3.21,2964.95,8.76,2965,11.22,2965.05,12.26,2964.4,50.68,2964.25,14.72,2964.2,11.56,2964.15,7.17,2964.05,32.81,2964,7.79,2963.95,19.59,2963.9,21.99,2963.85,26.07,2963.8,19.56
1715247434094,1715247434032531000,GATE,ETHUSDT,2964.45,1,2964.75,13.31,2964.8,6.62,2964.85,19.8,2964.9,8.31,2964.95,0.7,2965,1.61,2965.05,6.04,2965.1,6.26,2965.2,13.01,2964.4,48.28,2964.3,12.59,2964.25,14.72,2964.2,11.59,2964.15,0.6,2964.05,32.81,2964,7.79,2963.95,5.62,2963.9,22.01,2963.85,26.07
1715247434191,1715247434130757000,GATE,ETHUSDT,2964.45,1,2964.75,13.31,2964.8,9.71,2964.85,11.71,2964.9,16.4,2964.95,0.7,2965,7.22,2965.05,6.04,2965.1,6.26,2965.2,28.13,2964.4,48.28,2964.3,21.42,2964.25,14.72,2964.2,11.59,2964.15,0.6,2964.1,16.88,2964.05,28.12,2964,7.79,2963.95,5.62,2963.9,22.01
1715247434302,1715247434237845000,GATE,ETHUSDT,2964.7,12.1,2964.75,11.41,2964.85,11.71,2964.9,2.73,2965,1.51,2965.05,13.13,2965.1,6.26,2965.15,9.71,2965.2,6.83,2965.25,29.07,2964.65,70.51,2964.6,0.18,2964.55,10.61,2964.5,18.27,2964.45,6.57,2964.4,12.45,2964.35,10.96,2964.3,23.81,2964.25,18.05,2964.2,11.25
1715247434402,1715247434337360000,GATE,ETHUSDT,2964.7,0.69,2964.85,10.65,2964.9,2.73,2965,1,2965.05,13.13,2965.1,6.26,2965.15,9.71,2965.2,6.17,2965.25,20.28,2965.3,12.68,2964.65,70.76,2964.6,0.18,2964.55,10.61,2964.5,18.27,2964.45,6.57,2964.4,9.6,2964.35,10.96,2964.3,23.81,2964.25,14.54,2964.2,11.25
1715247434498,1715247434436922000,GATE,ETHUSDT,2964.7,1.49,2964.85,10.65,2964.9,2.7,2964.95,1.06,2965,1,2965.05,13.16,2965.1,6.26,2965.15,9.71,2965.2,5.66,2965.25,20.28,2964.65,70.76,2964.6,0.18,2964.55,10.61,2964.5,18.27,2964.45,6.57,2964.4,12.29,2964.35,10.99,2964.3,23.81,2964.25,14.54,2964.2,11.22
1715247434598,1715247434534964000,GATE,ETHUSDT,2964.7,1.44,2964.85,10.65,2964.9,2.7,2965,1,2965.05,5.07,2965.1,0.65,2965.15,8.09,2965.2,5.66,2965.25,29.99,2965.3,7.28,2964.65,70.76,2964.6,0.18,2964.55,10.61,2964.5,18.27,2964.45,6.57,2964.4,12.29,2964.35,10.99,2964.3,23.81,2964.25,14.54,2964.2,11.22
1715247434694,1715247434629626000,GATE,ETHUSDT,2964.7,3.93,2964.85,10.65,2964.9,2.7,2965,1,2965.05,14.78,2965.1,7.99,2965.15,8.09,2965.2,5.66,2965.25,20.28,2965.3,12.78,2964.65,60.56,2964.6,0.18,2964.55,10.61,2964.5,18.27,2964.45,6.57,2964.4,12.29,2964.35,10.96,2964.3,23.81,2964.25,14.54,2964.2,11.22
1715247434787,1715247434725765000,GATE,ETHUSDT,2964.7,5.36,2964.8,8.09,2964.85,20.36,2964.9,2.69,2964.95,0.67,2965,6.5,2965.05,14.58,2965.1,7.99,2965.15,14.96,2965.2,5.66,2964.65,49.83,2964.6,0.18,2964.55,10.61,2964.5,18.27,2964.45,6.57,2964.4,4.59,2964.35,0.03,2964.3,18.2,2964.25,14.54,2964.2,11.22
1715247434895,1715247434831677000,GATE,ETHUSDT,2964.7,13.52,2964.85,10.65,2964.9,10.78,2964.95,10.38,2965,6.5,2965.05,20.91,2965.1,7.99,2965.15,20.57,2965.2,5.66,2965.25,30.2,2964.65,37.83,2964.6,0.18,2964.55,10.61,2964.5,18.17,2964.45,6.57,2964.4,4.59,2964.35,5.74,2964.3,18.2,2964.25,14.54,2964.2,11.22
1715247434993,1715247434926865000,GATE,ETHUSDT,2964.7,13.98,2964.8,9.2,2964.85,10.65,2964.9,10.78,2964.95,10.38,2965,1,2965.05,20.91,2965.1,7.99,2965.15,20.57,2965.2,5.66,2964.65,47.1,2964.6,0.18,2964.55,10.61,2964.5,18.27,2964.45,6.57,2964.4,4.59,2964.35,5.74,2964.3,18.2,2964.25,14.54,2964.2,11.22
1715247435098,1715247435035911000,GATE,ETHUSDT,2964.7,13.98,2964.8,9.87,2964.85,10.65,2964.9,10.78,2964.95,10.38,2965,1,2965.05,20.91,2965.1,7.99,2965.15,20.57,2965.2,5.66,2964.65,47.1,2964.6,0.18,2964.55,10.61,2964.5,18.27,2964.45,6.57,2964.4,4.59,2964.35,5.74,2964.3,18.2,2964.25,14.54,2964.2,11.22
1715247435194,1715247435141561000,GATE,ETHUSDT,2964.7,13.52,2964.8,9.88,2964.85,10.65,2964.9,10.78,2964.95,10.38,2965,1,2965.05,20.88,2965.1,7.99,2965.15,20.57,2965.2,5.69,2964.65,47.1,2964.6,0.18,2964.55,10.61,2964.5,18.27,2964.45,6.57,2964.4,4.59,2964.35,8.32,2964.3,23.8,2964.25,14.54,2964.2,11.22
1715247435292,1715247435229239000,GATE,ETHUSDT,2964.7,28.52,2964.8,9.21,2964.85,10.65,2964.9,2.69,2964.95,8.76,2965,10.71,2965.05,20.88,2965.1,7.99,2965.15,20.57,2965.2,5.79,2964.65,47.1,2964.6,0.18,2964.55,10.61,2964.5,18.27,2964.45,6.57,2964.4,4.59,2964.35,13.32,2964.3,23.8,2964.25,14.54,2964.2,11.22
1715247435393,1715247435333654000,GATE,ETHUSDT,2964.7,15.79,2964.8,0.01,2964.85,10.65,2964.9,2.69,2965,9.09,2965.05,5.04,2965.1,7.99,2965.15,9.71,2965.2,5.79,2965.25,24.49,2964.65,52.6,2964.6,0.18,2964.55,10.61,2964.5,23.77,2964.45,6.57,2964.4,4.59,2964.35,13.32,2964.3,23.8,2964.25,14.54,2964.2,11.22
1715247435508,1715247435443718000,GATE,ETHUSDT,2964.7,15.72,2964.8,0.01,2964.85,10.65,2965,9.09,2965.05,0.67,2965.1,7.48,2965.15,17.8,2965.2,5.69,2965.25,20.38,2965.3,12.68,2964.65,52.6,2964.6,0.18,2964.55,10.61,2964.5,23.77,2964.45,6.57,2964.4,4.59,2964.35,13.32,2964.3,23.8,2964.25,14.54,2964.2,11.22
1715247435593,1715247435531688000,GATE,ETHUSDT,2964.7,15.97,2964.8,0.01,2964.85,10.65,2965,1,2965.05,10.38,2965.1,7.48,2965.15,8.09,2965.2,5.76,2965.25,20.31,2965.3,12.68,2964.65,53.14,2964.6,0.18,2964.55,10.61,2964.5,23.77,2964.45,6.57,2964.4,4.59,2964.35,13.32,2964.3,23.8,2964.25,14.54,2964.2,11.22
1715247435688,1715247435626120000,GATE,ETHUSDT,2964.7,15.97,2964.8,0.01,2964.85,10.65,2965,1,2965.05,0.67,2965.1,7.48,2965.15,9.71,2965.2,5.76,2965.25,28.4,2965.3,12.68,2964.65,53.14,2964.6,0.18,2964.55,10.61,2964.5,23.77,2964.45,6.57,2964.4,4.59,2964.35,13.32,2964.3,23.8,2964.25,14.54,2964.2,11.22
1715247435792,1715247435727679000,GATE,ETHUSDT,2964.7,15.67,2964.8,0.01,2964.85,10.65,2965,1,2965.05,0.67,2965.1,7.48,2965.2,5.76,2965.25,28.4,2965.3,16.89,2965.35,1.07,2964.65,68.8,2964.6,0.18,2964.55,10.61,2964.5,23.77,2964.45,6.57,2964.4,4.59,2964.35,13.32,2964.3,23.8,2964.25,14.54,2964.2,11.22
1715247435896,1715247435833587000,GATE,ETHUSDT,2964.7,15.67,2964.8,0.01,2964.85,10.65,2965,1,2965.1,6.81,2965.2,5.76,2965.25,28.37,2965.3,16.89,2965.35,1.1,2965.4,13.33,2964.65,68.8,2964.6,0.18,2964.55,10.61,2964.5,23.77,2964.45,6.57,2964.4,4.59,2964.35,13.29,2964.3,23.8,2964.25,14.54,2964.2,11.22
1715247435993,1715247435929231000,GATE,ETHUSDT,2965,1.02,2965.25,15.83,2965.3,1.06,2965.35,1.23,2965.4,15.82,2965.45,14.63,2965.5,19.15,2965.55,6.63,2965.6,6.5,2965.65,42.86,2964.95,42.35,2964.9,7.88,2964.85,20.8,2964.8,7.8,2964.75,9.39,2964.7,15.52,2964.65,6.19,2964.6,11.2,2964.55,16.42,2964.5,29.37
1715247436092,1715247436043418000,GATE,ETHUSDT,2965,114.6,2965.05,0.77,2965.15,0.1,2965.2,1.12,2965.25,12.29,2965.3,6.92,2965.35,37.69,2965.4,5.04,2965.45,25.73,2965.5,9.32,2964.95,0.9,2964.75,1.16,2964.55,0.03,2964.5,6.14,2964.45,10.24,2964.35,3.39,2964.25,3.41,2964.2,11.11,2964.05,41.83,2964,32.49
1715247436196,1715247436138616000,GATE,ETHUSDT,2965,120.79,2965.05,0.77,2965.15,0.1,2965.2,6.16,2965.25,12.8,2965.3,12.83,2965.35,37.69,2965.4,5.04,2965.45,25.73,2965.5,9.32,2964.95,1.12,2964.7,0.01,2964.55,0.03,2964.5,16.9,2964.45,10.24,2964.35,5.5,2964.25,12.94,2964.2,11.11,2964.15,17.85,2964.05,41.83
1715247436288,1715247436229811000,GATE,ETHUSDT,2965,116.82,2965.05,0.67,2965.1,0.14,2965.15,5.75,2965.2,6.16,2965.25,12.8,2965.3,12.83,2965.35,37.69,2965.4,10.59,2965.45,26.5,2964.95,0.9,2964.7,0.01,2964.55,0.03,2964.5,16.9,2964.45,10.24,2964.4,4.9,2964.35,11.1,2964.2,21.9,2964.15,23.45,2964.05,41.83
1715247436396,1715247436334164000,GATE,ETHUSDT,2965,106.47,2965.05,0.67,2965.1,0.14,2965.15,5.68,2965.2,6.29,2965.25,12.8,2965.3,12.83,2965.35,37.69,2965.4,10.59,2965.45,26.5,2964.95,0.9,2964.7,0.01,2964.5,16.9,2964.45,10.24,2964.4,7.59,2964.35,11.1,2964.25,5.63,2964.2,21.93,2964.15,23.45,2964.05,41.83
1715247436501,1715247436441618000,GATE,ETHUSDT,2964.55,40.82,2964.65,0.67,2964.7,2.05,2964.75,41.84,2964.85,11.5,2964.9,27.01,2964.95,9.19,2965,52.57,2965.05,0.67,2965.1,5.74,2964.5,6.78,2964.45,10.24,2964.2,7.39,2964.15,17.85,2964.05,17.52,2964,7.78,2963.95,24.81,2963.9,25.25,2963.85,37.98,2963.8,30.33
1715247436593,1715247436532121000,GATE,ETHUSDT,2964.55,37.97,2964.6,3.95,2964.65,0.67,2964.7,0.05,2964.75,39.22,2964.85,24.21,2964.9,39.23,2964.95,9.19,2965,40.58,2965.05,0.67,2964.5,6.66,2964.45,10.24,2964.2,13.23,2964.15,23.44,2964.05,17.52,2964,7.78,2963.95,35.98,2963.9,25.25,2963.85,37.98,2963.8,30.33
1715247436690,1715247436627448000,GATE,ETHUSDT,2964.55,38.12,2964.6,3.95,2964.65,0.67,2964.7,0.05,2964.75,39.22,2964.85,24.21,2964.9,39.23,2964.95,9.19,2965,40.59,2965.05,0.67,2964.5,6.66,2964.45,10.24,2964.2,13.23,2964.15,23.44,2964.05,17.16,2964,7.79,2963.95,35.98,2963.9,25.25,2963.85,37.98,2963.8,30.33
1715247436782,1715247436730245000,GATE,ETHUSDT,2964.55,38.12,2964.6,3.95,2964.65,0.67,2964.7,0.05,2964.75,39.22,2964.85,24.21,2964.9,39.23,2964.95,9.19,2965,40.59,2965.05,0.67,2964.5,6.66,2964.45,10.24,2964.2,13.23,2964.15,23.44,2964.05,17.16,2964,7.79,2963.95,35.98,2963.9,25.25,2963.85,37.98,2963.8,30.33
1715247436882,1715247436825370000,GATE,ETHUSDT,2964.55,38.12,2964.6,3.95,2964.65,0.67,2964.7,0.05,2964.75,39.22,2964.8,1.12,2964.85,24.21,2964.9,39.23,2964.95,9.19,2965,40.59,2964.5,6.66,2964.45,10.24,2964.2,13.23,2964.15,23.44,2964.05,17.16,2964,7.79,2963.95,35.98,2963.9,25.25,2963.85,37.98,2963.8,30.33
1715247436996,1715247436932302000,GATE,ETHUSDT,2964.55,43.62,2964.6,3.95,2964.65,0.67,2964.7,14.85,2964.75,39.22,2964.8,1.12,2964.85,24.21,2964.9,39.23,2964.95,9.19,2965,25.89,2964.5,6.14,2964.45,10.24,2964.2,13.23,2964.15,23.44,2964.05,15.84,2964,7.79,2963.95,35.98,2963.9,25.25,2963.85,37.98,2963.8,30.33
1715247437096,1715247437027333000,GATE,ETHUSDT,2964.5,48.82,2964.55,17.47,2964.6,3.95,2964.65,0.72,2964.7,14.75,2964.75,15.92,2964.8,1.12,2964.85,24.21,2964.9,39.23,2964.95,9.86,2964.45,10.24,2964.2,7.39,2964.15,12.25,2964.05,10.24,2964,7.79,2963.95,30.38,2963.9,6.22,2963.85,37.98,2963.8,30.33,2963.75,16.15
1715247437199,1715247437139871000,GATE,ETHUSDT,2964.5,18.68,2964.55,17.47,2964.6,3.95,2964.65,10.43,2964.7,22.84,2964.75,15.92,2964.8,1.12,2964.85,24.21,2964.9,39.23,2964.95,1.67,2964.45,10.76,2964.2,7.39,2964.15,12.25,2964.05,13.03,2964,13.29,2963.95,16.78,2963.9,29.92,2963.85,37.98,2963.8,30.33,2963.75,16.15
1715247437300,1715247437236107000,GATE,ETHUSDT,2964.5,16.36,2964.55,13.87,2964.6,3.95,2964.65,0.72,2964.7,9.25,2964.75,15.92,2964.8,18.92,2964.85,24.88,2964.9,39.23,2964.95,1.67,2964.45,10.88,2964.2,7.39,2964.15,12.25,2964.05,16.05,2964,18.88,2963.95,16.78,2963.9,29.92,2963.85,37.98,2963.8,30.33,2963.75,16.15
1715247437367,1715247437324473000,GATE,ETHUSDT,2964.5,7.07,2964.55,10.96,2964.6,3.95,2964.65,0.72,2964.7,9.25,2964.75,15.92,2964.8,18.92,2964.85,19.38,2964.9,39.23,2964.95,1.67,2964.45,10.88,2964.2,7.39,2964.15,17.75,2964.1,5.59,2964.05,16.05,2964,18.88,2963.95,16.78,2963.9,29.92,2963.85,37.98,2963.8,30.33
1715247437481,1715247437430668000,GATE,ETHUSDT,2964.5,7.76,2964.55,10.96,2964.6,3.95,2964.65,0.72,2964.7,9.25,2964.75,15.92,2964.8,9.24,2964.85,19.38,2964.9,48.94,2964.95,1.67,2964.45,11.6,2964.2,7.39,2964.15,17.75,2964.1,5.59,2964.05,16.05,2964,18.88,2963.95,16.81,2963.9,29.92,2963.85,37.98,2963.8,30.33
1715247437594,1715247437527368000,GATE,ETHUSDT,2964.5,7.87,2964.55,2.43,2964.6,3.95,2964.65,0.72,2964.7,9.25,2964.75,15.92,2964.8,6.62,2964.85,19.41,2964.9,57.03,2964.95,1.67,2964.45,20.68,2964.2,7.39,2964.15,12.25,2964.1,5.59,2964.05,16.05,2964,18.88,2963.95,16.81,2963.9,29.92,2963.85,37.98,2963.8,30.33
1715247437691,1715247437634951000,GATE,ETHUSDT,2964.5,13.9,2964.55,2.43,2964.6,3.95,2964.65,0.72,2964.7,27.05,2964.75,15.92,2964.8,6.62,2964.85,19.41,2964.9,39.24,2964.95,1.67,2964.45,19.96,2964.2,7.39,2964.15,12.25,2964.1,5.59,2964.05,16.05,2964,18.88,2963.95,16.81,2963.9,29.92,2963.85,37.98,2963.8,30.33
1715247437800,1715247437737259000,GATE,ETHUSDT,2964.5,27.94,2964.55,2.43,2964.6,3.95,2964.65,6.22,2964.7,27.05,2964.75,15.92,2964.8,6.65,2964.85,19.38,2964.9,39.24,2964.95,1.67,2964.45,10.76,2964.2,7.39,2964.15,12.25,2964.1,5.59,2964.05,16.05,2964,18.88,2963.95,16.81,2963.9,29.92,2963.85,37.98,2963.8,30.33
1715247437889,1715247437834860000,GATE,ETHUSDT,2964.5,39.04,2964.55,2.43,2964.6,13.15,2964.65,6.22,2964.7,27.05,2964.75,15.92,2964.8,6.65,2964.85,19.38,2964.9,39.24,2964.95,0.77,2964.45,10.76,2964.25,9.2,2964.2,7.39,2964.15,12.25,2964.1,5.59,2964.05,16.05,2964,13.38,2963.95,16.81,2963.9,29.92,2963.85,37.98
1715247437998,1715247437935640000,GATE,ETHUSDT,2964.5,39.04,2964.55,2.43,2964.6,13.15,2964.65,6.22,2964.7,27.05,2964.75,15.92,2964.8,6.65,2964.85,19.38,2964.9,39.24,2964.95,0.77,2964.45,10.76,2964.25,9.2,2964.2,7.39,2964.15,12.25,2964.1,5.59,2964.05,16.05,2964,18.88,2963.95,16.78,2963.9,29.92,2963.85,37.98
1715247438081,1715247438041292000,GATE,ETHUSDT,2964.5,24.34,2964.55,2.43,2964.6,12.04,2964.65,10.43,2964.7,9.25,2964.75,15.92,2964.8,6.65,2964.85,19.38,2964.9,39.24,2964.95,0.77,2964.45,10.76,2964.25,9.2,2964.2,7.39,2964.15,12.25,2964.1,5.59,2964.05,16.05,2964,18.88,2963.95,16.81,2963.9,29.92,2963.85,37.98
1715247438198,1715247438147858000,GATE,ETHUSDT,2964.5,24.34,2964.55,2.43,2964.6,12.04,2964.65,10.43,2964.7,9.25,2964.75,15.92,2964.8,6.65,2964.85,19.38,2964.9,39.24,2964.95,0.77,2964.45,10.76,2964.25,9.2,2964.2,7.39,2964.15,12.25,2964.1,5.59,2964.05,16.05,2964,18.88,2963.95,16.81,2963.9,29.92,2963.85,37.98
1715247438290,1715247438227902000,GATE,ETHUSDT,2964.5,13.36,2964.55,2.43,2964.6,3.95,2964.65,0.72,2964.7,9.25,2964.75,24.01,2964.8,10.86,2964.85,19.38,2964.9,39.24,2964.95,0.77,2964.45,17.1,2964.3,12.67,2964.25,21.07,2964.15,17.75,2964.1,5.59,2964.05,16.05,2964,18.88,2963.95,5.64,2963.9,29.92,2963.85,37.98
1715247438404,1715247438354195000,GATE,ETHUSDT,2964.25,42.85,2964.3,4.74,2964.35,11.36,2964.4,12.1,2964.45,3.18,2964.5,16,2964.55,0.67,2964.6,13.66,2964.65,6.22,2964.7,9.25,2964.2,7.51,2964.15,12.25,2964.05,4.64,2964,7.79,2963.95,6.84,2963.9,12.52,2963.85,18.23,2963.8,30.33,2963.75,10.65,2963.7,11.69
1715247438500,1715247438446850000,GATE,ETHUSDT,2964.25,51.43,2964.3,1.08,2964.35,9.46,2964.4,25.52,2964.45,3.18,2964.5,8.01,2964.55,0.67,2964.6,40.42,2964.65,6.32,2964.7,20.43,2964.2,7.93,2964.15,12.25,2964.05,4.64,2964,7.79,2963.95,0.01,2963.9,0.64,2963.85,18.23,2963.8,22.03,2963.75,22.11,2963.7,11.55
1715247438590,1715247438529069000,GATE,ETHUSDT,2964.25,59.69,2964.3,11.62,2964.35,9.46,2964.4,25.52,2964.45,3.18,2964.5,8.04,2964.55,0.67,2964.6,36.47,2964.65,6.32,2964.7,20.43,2964.2,7.63,2964.15,12.25,2964.05,4.64,2964,7.79,2963.95,0.01,2963.9,0.64,2963.85,18.23,2963.8,22.03,2963.75,22.11,2963.7,11.55
1715247438699,1715247438635182000,GATE,ETHUSDT,2964.25,75.88,2964.3,11.62,2964.35,9.46,2964.4,15.8,2964.45,15.08,2964.5,7.94,2964.55,5.71,2964.6,36.71,2964.65,6.22,2964.7,20.43,2964.2,7.41,2964.15,12.25,2964.05,4.64,2964,7.79,2963.95,0.01,2963.9,0.64,2963.85,1.06,2963.8,24.18,2963.75,16.5,2963.65,5.64
1715247438798,1715247438739538000,GATE,ETHUSDT,2964.05,42.39,2964.1,21.02,2964.2,9.32,2964.25,46.83,2964.3,10.54,2964.35,3.36,2964.4,15.7,2964.45,22.1,2964.5,8.01,2964.55,5.71,2964,0.01,2963.8,17.73,2963.75,11.46,2963.55,0.39,2963.5,23.59,2963.45,18.16,2963.4,17.41,2963.35,20.46,2963.3,29.76,2963.25,47.71
1715247438898,1715247438837162000,GATE,ETHUSDT,2964.05,37.42,2964.1,1.64,2964.2,0.15,2964.25,25.95,2964.3,10.54,2964.35,13.11,2964.4,31.15,2964.45,18.89,2964.5,24.69,2964.55,5.71,2964,10.89,2963.9,5.58,2963.85,9.2,2963.8,17.73,2963.75,11.46,2963.7,5.5,2963.65,10.12,2963.6,17.46,2963.55,6.98,2963.5,23.59
1715247438991,1715247438925439000,GATE,ETHUSDT,2964.05,36.1,2964.1,1.64,2964.15,2.57,2964.2,0.05,2964.25,24.75,2964.3,10.54,2964.35,8.86,2964.4,32.27,2964.45,28.61,2964.5,25.71,2964,10.88,2963.9,5.58,2963.85,9.2,2963.8,17.73,2963.75,11.46,2963.65,15.71,2963.6,17.46,2963.55,18.16,2963.5,23.59,2963.45,18.16
1715247439097,1715247439036045000,GATE,ETHUSDT,2964.05,48.12,2964.1,1.64,2964.15,2.57,2964.2,0.15,2964.25,16.65,2964.3,10.54,2964.35,16.99,2964.4,41.99,2964.45,18.89,2964.5,26.22,2964,10.87,2963.8,17.73,2963.75,11.46,2963.65,15.71,2963.6,22.5,2963.55,18.16,2963.5,23.59,2963.45,18.19,2963.4,22.91,2963.35,20.46
1715247439192,1715247439128732000,GATE,ETHUSDT,2964.05,49.11,2964.1,1.64,2964.15,2.57,2964.2,0.15,2964.25,16.65,2964.3,18.64,2964.35,18.61,2964.4,32.27,2964.45,18.89,2964.5,26.22,2964,10.22,2963.8,17.73,2963.75,11.46,2963.65,15.71,2963.6,22.5,2963.55,18.16,2963.5,23.59,2963.45,18.19,2963.4,22.91,2963.35,20.46
1715247439297,1715247439231495000,GATE,ETHUSDT,2964.05,49.11,2964.1,1.64,2964.15,10.67,2964.2,15.37,2964.25,16.65,2964.3,10.54,2964.35,8.89,2964.4,32.27,2964.45,18.89,2964.5,26.22,2964,0.53,2963.8,17.73,2963.75,11.46,2963.65,15.71,2963.6,22.5,2963.55,12.66,2963.5,23.59,2963.45,18.19,2963.4,22.91,2963.35,20.46
1715247439387,1715247439332600000,GATE,ETHUSDT,2964.05,57.21,2964.1,1.64,2964.15,2.57,2964.2,15.37,2964.25,16.65,2964.3,10.54,2964.35,8.89,2964.4,32.27,2964.45,18.89,2964.5,26.22,2964,0.01,2963.8,17.73,2963.75,11.46,2963.65,10.12,2963.6,17.46,2963.55,12.66,2963.5,23.59,2963.45,18.19,2963.4,22.91,2963.35,20.46
1715247439489,1715247439426698000,GATE,ETHUSDT,2963.85,24.27,2963.95,0.67,2964,1.95,2964.05,24.55,2964.15,0.67,2964.2,21.54,2964.25,16.65,2964.3,10.54,2964.35,28.27,2964.4,13.3,2963.8,31.36,2963.75,11.46,2963.65,6.74,2963.6,11.87,2963.55,1.48,2963.5,23.59,2963.45,18.19,2963.4,22.91,2963.35,20.46,2963.3,11.19
1715247439586,1715247439530940000,GATE,ETHUSDT,2963.85,4.83,2963.95,0.67,2964,0.05,2964.05,10.79,2964.15,8.82,2964.2,40.59,2964.25,16.65,2964.3,21.72,2964.35,16.93,2964.4,17.51,2963.8,30.65,2963.75,11.46,2963.65,6.74,2963.6,11.87,2963.55,1.48,2963.5,23.59,2963.45,18.19,2963.4,22.91,2963.35,5.62,2963.3,25.72
1715247439689,1715247439628218000,GATE,ETHUSDT,2963.85,4.83,2963.95,0.67,2964,0.05,2964.05,10.79,2964.15,0.72,2964.2,30.87,2964.25,24.12,2964.3,31.44,2964.35,16.93,2964.4,17.51,2963.8,30.65,2963.75,11.46,2963.65,6.74,2963.6,11.87,2963.55,1.48,2963.5,23.59,2963.45,18.19,2963.4,22.91,2963.35,5.62,2963.3,25.72
1715247439777,1715247439731178000,GATE,ETHUSDT,2963.85,4.83,2963.95,0.67,2964,0.05,2964.05,10.79,2964.15,0.72,2964.2,30.87,2964.25,24.02,2964.3,31.44,2964.35,16.93,2964.4,17.51,2963.8,30.65,2963.75,11.46,2963.65,3.39,2963.6,11.87,2963.55,1.48,2963.5,23.59,2963.45,18.19,2963.4,22.91,2963.35,5.62,2963.3,25.72
1715247439893,1715247439829243000,GATE,ETHUSDT,2963.85,20.43,2963.95,23.46,2964,9.3,2964.05,13.89,2964.15,6.22,2964.2,36.46,2964.25,11.76,2964.3,11.18,2964.35,16.93,2964.4,13.4,2963.8,11.6,2963.75,11.46,2963.65,5.7,2963.6,11.87,2963.5,20.16,2963.45,12.58,2963.4,11.19,2963.35,11.1,2963.3,25.7,2963.25,48.45
1715247439990,1715247439932851000,GATE,ETHUSDT,2963.85,16.51,2963.95,5.64,2964,9.2,2964.05,13.89,2964.1,8.1,2964.15,32.32,2964.2,36.46,2964.25,11.76,2964.3,11.18,2964.35,16.93,2963.8,11.77,2963.75,11.46,2963.65,5.7,2963.6,11.87,2963.5,25.66,2963.45,18.17,2963.4,17.87,2963.35,11.1,2963.3,11.19,2963.25,48.45
1715247440102,1715247440036782000,GATE,ETHUSDT,2963.85,25.55,2963.95,5.64,2964,9.4,2964.05,23.61,2964.1,0.1,2964.15,22.55,2964.2,36.46,2964.25,11.76,2964.3,11.18,2964.35,16.93,2963.8,11.5,2963.75,11.46,2963.65,5.7,2963.6,11.87,2963.5,25.66,2963.45,12.58,2963.4,17.87,2963.35,11.1,2963.3,11.19,2963.25,48.45
1715247440195,1715247440131702000,GATE,ETHUSDT,2963.85,39.67,2963.95,15.36,2964,14.85,2964.05,13.92,2964.1,13.68,2964.15,28.05,2964.2,36.46,2964.25,11.76,2964.3,11.18,2964.35,16.9,2963.8,11.38,2963.75,11.46,2963.6,11.87,2963.5,20.16,2963.45,12.55,2963.4,11.19,2963.35,0.01,2963.3,17.89,2963.25,48.45,2963.2,36.03
1715247440290,1715247440227426000,GATE,ETHUSDT,2963.85,46.31,2963.95,15.36,2964,14.75,2964.05,13.92,2964.1,13.58,2964.15,28.15,2964.2,36.46,2964.25,11.76,2964.3,11.18,2964.35,16.9,2963.8,11.38,2963.75,11.46,2963.65,6.96,2963.6,11.87,2963.5,20.16,2963.45,12.55,2963.4,11.19,2963.35,0.01,2963.3,17.89,2963.25,48.45
1715247440397,1715247440335846000,GATE,ETHUSDT,2963.85,36.91,2963.95,15.36,2964,9.35,2964.05,13.92,2964.1,13.58,2964.15,28.15,2964.2,36.46,2964.25,11.76,2964.3,11.18,2964.35,16.9,2963.8,11.41,2963.75,11.46,2963.65,6.96,2963.6,11.87,2963.5,20.16,2963.45,12.55,2963.4,11.19,2963.35,5.51,2963.3,17.89,2963.25,48.45
1715247440496,1715247440431320000,GATE,ETHUSDT,2963.85,19.63,2963.95,5.64,2964,9.25,2964.05,21.99,2964.1,23.3,2964.15,22.68,2964.2,36.46,2964.25,11.76,2964.3,11.18,2964.35,16.9,2963.8,13.3,2963.75,11.46,2963.65,6.96,2963.6,11.87,2963.5,25.66,2963.45,12.55,2963.4,11.19,2963.35,11.47,2963.3,17.89,2963.25,48.45
1715247440586,1715247440530871000,GATE,ETHUSDT,2963.85,48.5,2963.95,5.64,2964,14.85,2964.05,13.89,2964.1,13.58,2964.15,28.08,2964.2,36.56,2964.25,11.76,2964.3,11.18,2964.35,23.12,2963.8,11.38,2963.75,11.46,2963.6,11.87,2963.55,5.8,2963.5,12.54,2963.45,1.36,2963.4,3.62,2963.35,5.97,2963.25,37.87,2963.2,24.2
1715247440693,1715247440633573000,GATE,ETHUSDT,2963.85,42.21,2963.95,15.36,2964,14.85,2964.05,13.92,2964.1,13.58,2964.15,28.05,2964.2,36.7,2964.25,11.76,2964.3,11.18,2964.35,23.12,2963.8,11.42,2963.75,11.46,2963.65,2.53,2963.6,11.87,2963.55,5.8,2963.5,12.54,2963.45,1.36,2963.4,3.62,2963.35,5.6,2963.25,43.46
1715247440796,1715247440739148000,GATE,ETHUSDT,2963.85,35.18,2963.95,15.36,2964,9.25,2964.05,13.92,2964.1,13.58,2964.15,28.05,2964.2,36.7,2964.25,11.76,2964.3,11.18,2964.35,23.12,2963.8,11.5,2963.75,11.46,2963.65,6.9,2963.6,11.87,2963.55,5.8,2963.5,12.54,2963.45,12.54,2963.4,9.3,2963.35,16.69,2963.25,43.46
1715247440901,1715247440835142000,GATE,ETHUSDT,2963.85,55.82,2963.9,9.2,2963.95,11.19,2964,9.25,2964.05,14.02,2964.1,13.58,2964.15,28.05,2964.2,36.6,2964.25,11.76,2964.3,11.18,2963.8,11.38,2963.75,11.46,2963.6,11.87,2963.55,5.8,2963.5,12.54,2963.45,6.95,2963.35,11.1,2963.25,37.87,2963.2,24.2,2963.15,11.2
1715247440994,1715247440927740000,GATE,ETHUSDT,2963.85,50.98,2963.9,9.2,2963.95,11.19,2964,14.88,2964.05,11.99,2964.1,0.1,2964.15,28.05,2964.2,36.6,2964.25,11.76,2964.3,11.18,2963.8,11.38,2963.75,11.46,2963.6,11.87,2963.55,5.8,2963.5,12.54,2963.45,6.95,2963.35,5.6,2963.3,8.14,2963.25,43.46,2963.2,24.2
1715247441098,1715247441034704000,GATE,ETHUSDT,2963.85,20.03,2963.9,17.3,2963.95,20.91,2964,10.4,2964.05,11.99,2964.15,28.05,2964.2,36.6,2964.25,11.86,2964.3,11.18,2964.35,23.12,2963.8,12.1,2963.75,11.46,2963.65,3.92,2963.6,11.87,2963.55,5.8,2963.5,12.54,2963.45,12.54,2963.35,16.69,2963.3,8.14,2963.25,43.46
1715247441187,1715247441125977000,GATE,ETHUSDT,2963.85,20.03,2963.9,9.2,2963.95,19.29,2964,20.09,2964.05,12.02,2964.15,28.05,2964.2,36.6,2964.25,11.76,2964.3,11.28,2964.35,23.12,2963.8,12.15,2963.75,11.46,2963.65,6.69,2963.6,11.87,2963.55,5.8,2963.5,12.54,2963.45,12.54,2963.35,16.69,2963.3,8.14,2963.25,43.46
1715247441284,1715247441229300000,GATE,ETHUSDT,2963.85,20.03,2963.9,9.2,2963.95,19.29,2964,20.09,2964.05,12.02,2964.15,28.05,2964.2,36.6,2964.25,11.76,2964.3,11.28,2964.35,23.12,2963.8,11.38,2963.75,11.46,2963.65,6.69,2963.6,11.87,2963.55,5.8,2963.5,12.54,2963.45,12.54,2963.35,16.69,2963.3,8.14,2963.25,43.46
1715247441406,1715247441344785000,GATE,ETHUSDT,2963.85,4.92,2963.9,9.2,2963.95,4.97,2964,10.37,2964.05,20.09,2964.1,9.72,2964.15,0.72,2964.2,5.73,2964.25,11.76,2964.3,11.21,2963.8,25.03,2963.75,11.46,2963.65,6.69,2963.6,11.87,2963.55,10.19,2963.5,18.04,2963.45,12.54,2963.35,16.69,2963.3,8.14,2963.25,43.49
1715247441463,1715247441433639000,GATE,ETHUSDT,2963.85,4.92,2963.9,9.2,2963.95,5.64,2964,10.32,2964.05,11.99,2964.15,0.72,2964.2,13.83,2964.25,21.48,2964.3,5.67,2964.35,27.38,2963.8,23.59,2963.75,11.46,2963.65,6.69,2963.6,11.87,2963.55,10.19,2963.5,18.04,2963.45,12.54,2963.35,16.69,2963.3,8.14,2963.25,43.49
1715247441587,1715247441530415000,GATE,ETHUSDT,2963.85,4.15,2963.95,4.97,2964,1.12,2964.05,11.32,2964.15,0.72,2964.2,13.83,2964.25,21.48,2964.3,5.64,2964.35,27.41,2964.4,37.8,2963.8,29.09,2963.75,11.46,2963.65,6.69,2963.6,11.87,2963.55,10.19,2963.5,18.04,2963.45,12.57,2963.35,16.69,2963.3,16.85,2963.25,43.46
1715247441702,1715247441640339000,GATE,ETHUSDT,2964,1.55,2964.05,0.04,2964.2,0.14,2964.25,5.05,2964.3,8.18,2964.35,22.89,2964.4,6.95,2964.45,0.51,2964.5,17.95,2964.55,13.79,2963.95,58.4,2963.9,6.26,2963.85,8.53,2963.8,18.72,2963.75,11.46,2963.65,12.19,2963.6,17.46,2963.55,10.19,2963.5,18.04,2963.45,12.57
1715247441798,1715247441735767000,GATE,ETHUSDT,2964,11.44,2964.05,0.04,2964.15,0.67,2964.2,0.3,2964.25,6.95,2964.3,13.65,2964.35,22.89,2964.4,17.79,2964.45,12.35,2964.5,17.95,2963.95,48.2,2963.9,0.24,2963.8,20.08,2963.75,11.46,2963.65,9.68,2963.6,23.05,2963.55,10.22,2963.5,18.04,2963.45,12.54,2963.35,16.69
1715247441891,1715247441831309000,GATE,ETHUSDT,2964,15.14,2964.05,0.71,2964.1,9.2,2964.15,8.82,2964.2,9.86,2964.25,6.95,2964.3,5.55,2964.35,27.84,2964.4,17.79,2964.45,17.94,2963.95,39.24,2963.9,0.24,2963.85,9.2,2963.8,19.98,2963.75,11.46,2963.65,9.68,2963.6,23.05,2963.55,10.22,2963.5,18.04,2963.45,12.54
1715247441996,1715247441937806000,GATE,ETHUSDT,2964,4.7,2964.05,0.71,2964.1,9.2,2964.15,8.82,2964.2,9.86,2964.25,6.95,2964.3,6.67,2964.35,27.84,2964.4,17.79,2964.45,17.94,2963.95,48.44,2963.9,0.24,2963.8,20.08,2963.75,11.46,2963.65,9.68,2963.6,23.05,2963.55,10.22,2963.5,18.04,2963.45,12.54,2963.35,16.69
1715247442100,1715247442039533000,GATE,ETHUSDT,2964,4.82,2964.05,0.71,2964.1,9.2,2964.15,8.82,2964.2,9.86,2964.25,6.95,2964.3,6.67,2964.35,28.51,2964.4,17.43,2964.45,17.94,2963.95,39.42,2963.9,0.24,2963.8,19.98,2963.75,11.46,2963.65,9.68,2963.6,23.05,2963.55,10.22,2963.5,18.04,2963.45,12.54,2963.35,16.69
1715247442180,1715247442135171000,GATE,ETHUSDT,2964,4.7,2964.05,0.71,2964.1,9.2,2964.15,8.82,2964.2,9.86,2964.25,6.95,2964.3,6.67,2964.35,28.51,2964.4,17.43,2964.45,17.94,2963.95,39.42,2963.9,0.24,2963.8,19.98,2963.75,11.46,2963.65,9.68,2963.6,23.05,2963.55,10.22,2963.5,18.04,2963.45,12.54,2963.35,16.69
1715247442294,1715247442230072000,GATE,ETHUSDT,2964.1,4.61,2964.15,8.82,2964.2,9.86,2964.25,6.95,2964.3,1.17,2964.35,28.51,2964.4,17.43,2964.45,17.94,2964.5,17.95,2964.55,13.89,2964,1.23,2963.95,39.42,2963.9,0.24,2963.8,19.98,2963.75,11.46,2963.65,15.18,2963.6,23.05,2963.55,10.22,2963.5,18.04,2963.45,12.54
1715247442396,1715247442435532000,GATE,ETHUSDT,2964.1,2.93,2964.15,0.83,2964.2,0.14,2964.25,6.95,2964.3,1.17,2964.35,17.68,2964.4,27.09,2964.45,31.34,2964.5,15.6,2964.55,13.89,2964.05,32.21,2964,9.21,2963.95,5.51,2963.8,22.67,2963.75,11.46,2963.7,11.18,2963.65,15.18,2963.6,23.05,2963.55,15.81,2963.5,18.04
1715247442500,1715247442438453000,GATE,ETHUSDT,2964.1,17.01,2964.15,0.83,2964.2,9.86,2964.25,10.6,2964.3,3.07,2964.35,9.58,2964.4,36.22,2964.45,31.34,2964.5,15.6,2964.55,13.89,2964.05,16.5,2964,0.01,2963.95,0.36,2963.8,17.78,2963.75,11.46,2963.7,11.18,2963.65,9.68,2963.6,23.05,2963.55,15.81,2963.5,18.04
1715247442595,1715247442538440000,GATE,ETHUSDT,2964.1,14.68,2964.15,0.83,2964.2,9.86,2964.25,10.6,2964.3,3.07,2964.35,9.58,2964.4,36.22,2964.45,31.34,2964.5,15.6,2964.55,14.56,2964.05,18.6,2964,0.01,2963.95,0.36,2963.8,17.78,2963.75,11.46,2963.7,11.18,2963.65,9.68,2963.6,23.05,2963.55,15.81,2963.5,18.04
1715247442690,1715247442632609000,GATE,ETHUSDT,2964.1,21.42,2964.15,0.83,2964.2,9.86,2964.25,10.6,2964.3,3.07,2964.35,9.58,2964.4,36.22,2964.45,31.34,2964.5,15.6,2964.55,14.56,2964.05,18.6,2964,0.01,2963.95,0.36,2963.8,17.78,2963.75,11.46,2963.7,11.18,2963.65,9.68,2963.6,23.05,2963.55,15.81,2963.5,18.04
1715247442768,1715247442724572000,GATE,ETHUSDT,2964.1,18.51,2964.15,0.83,2964.2,9.86,2964.25,5.1,2964.3,3.07,2964.35,9.58,2964.4,36.22,2964.45,31.34,2964.5,15.6,2964.55,14.56,2964.05,18.6,2964,0.01,2963.95,0.36,2963.8,17.78,2963.75,11.46,2963.7,11.18,2963.65,9.68,2963.6,23.05,2963.55,15.81,2963.5,18.04
1715247442864,1715247442828998000,GATE,ETHUSDT,2964.1,27.71,2964.15,10.03,2964.2,9.86,2964.25,5.1,2964.3,3.07,2964.35,9.58,2964.4,36.22,2964.45,31.34,2964.5,15.6,2964.55,14.56,2964.05,18.6,2964,0.01,2963.95,0.36,2963.9,5.59,2963.85,9.2,2963.8,17.78,2963.75,11.46,2963.7,11.18,2963.65,9.68,2963.6,23.05
1715247442992,1715247442945385000,GATE,ETHUSDT,2964.1,0.11,2964.2,0.14,2964.25,8.82,2964.3,1.95,2964.35,10.39,2964.4,10.87,2964.5,5.59,2964.55,13.44,2964.6,17.24,2964.65,12.17,2964.05,27.48,2964,0.01,2963.95,0.36,2963.9,11.19,2963.85,9.2,2963.8,20.47,2963.75,16.96,2963.7,11.18,2963.65,9.68,2963.6,23.05
1715247443096,1715247443037538000,GATE,ETHUSDT,2964.1,0.11,2964.3,0.05,2964.35,0.67,2964.4,10.84,2964.5,1.12,2964.55,0.67,2964.6,25.33,2964.65,7.96,2964.7,22.17,2964.75,21.4,2964.05,38.02,2964,10.68,2963.95,0.36,2963.9,11.09,2963.85,17.36,2963.8,13.54,2963.75,5.5,2963.7,11.18,2963.65,6.69,2963.6,11.18
1715247443188,1715247443129699000,GATE,ETHUSDT,2964.1,0.11,2964.35,0.67,2964.4,10.84,2964.5,1.12,2964.55,0.72,2964.6,16.73,2964.65,17.67,2964.7,20.58,2964.75,21.4,2964.8,83.3,2964.05,39.77,2964,10.68,2963.95,0.36,2963.9,11.09,2963.85,17.39,2963.8,13.54,2963.75,5.5,2963.7,11.18,2963.65,9.04,2963.6,11.18
1715247443285,1715247443232239000,GATE,ETHUSDT,2964.1,0.11,2964.35,0.67,2964.4,10.84,2964.5,1.12,2964.55,0.72,2964.6,16.73,2964.65,7.96,2964.7,30.29,2964.75,21.5,2964.8,83.2,2964.05,39.77,2964,10.68,2963.95,0.36,2963.9,11.09,2963.85,17.39,2963.8,13.54,2963.75,5.5,2963.7,11.18,2963.65,9.04,2963.6,12.3
1715247443370,1715247443337333000,GATE,ETHUSDT,2964.1,0.1,2964.4,10.84,2964.45,0.67,2964.5,1.12,2964.55,0.72,2964.6,16.73,2964.65,7.96,2964.7,30.29,2964.75,21.5,2964.8,83.2,2964.05,48.97,2964,10.68,2963.95,0.36,2963.9,11.19,2963.85,17.36,2963.8,13.54,2963.75,5.5,2963.7,11.18,2963.65,9.04,2963.6,12.3
1715247443491,1715247443446784000,GATE,ETHUSDT,2964.1,0.1,2964.35,0.67,2964.4,10.84,2964.45,0.67,2964.5,1.12,2964.55,0.72,2964.6,16.73,2964.65,7.96,2964.7,20.58,2964.75,31.21,2964.05,48.97,2964,10.68,2963.95,0.36,2963.9,11.19,2963.85,17.39,2963.8,13.54,2963.75,5.5,2963.7,11.18,2963.65,9.04,2963.6,12.3
1715247443587,1715247443526490000,GATE,ETHUSDT,2964.1,0.1,2964.35,0.67,2964.4,10.84,2964.45,0.67,2964.5,1.12,2964.55,0.72,2964.6,16.73,2964.65,12.17,2964.7,20.68,2964.75,31.11,2964.05,48.97,2964,10.68,2963.95,0.36,2963.9,11.19,2963.85,17.36,2963.8,13.54,2963.75,5.5,2963.7,11.18,2963.65,9.04,2963.6,12.3
1715247443656,1715247443626872000,GATE,ETHUSDT,2964.1,0.1,2964.35,0.67,2964.4,10.84,2964.45,0.67,2964.5,1.12,2964.55,0.72,2964.6,16.73,2964.65,12.17,2964.7,20.68,2964.75,31.11,2964.05,55.41,2964,10.68,2963.95,0.36,2963.9,11.19,2963.85,17.39,2963.8,13.54,2963.75,5.5,2963.7,11.18,2963.65,9.04,2963.6,12.3
1715247443807,1715247443744270000,GATE,ETHUSDT,2964.1,0.27,2964.35,0.67,2964.4,10.84,2964.45,0.67,2964.5,1.12,2964.55,6.22,2964.6,16.73,2964.65,12.17,2964.7,12.59,2964.75,31.78,2964.05,49.91,2964,10.68,2963.95,0.36,2963.9,5.69,2963.85,17.39,2963.8,13.54,2963.75,5.5,2963.7,11.18,2963.65,9.04,2963.6,12.3
1715247443890,1715247443826495000,GATE,ETHUSDT,2964.1,0.39,2964.15,0.67,2964.25,0.67,2964.3,9.2,2964.35,0.67,2964.4,10.84,2964.45,0.67,2964.5,6.71,2964.55,14.31,2964.6,26.44,2964.05,49.91,2964,16.46,2963.95,9.56,2963.9,0.1,2963.85,8.19,2963.8,13.54,2963.75,5.5,2963.7,11.18,2963.65,9.04,2963.6,12.3
1715247443990,1715247443929824000,GATE,ETHUSDT,2964.1,0.39,2964.15,0.67,2964.25,0.72,2964.3,9.2,2964.35,0.67,2964.4,16.34,2964.45,0.67,2964.5,6.71,2964.55,14.31,2964.6,26.44,2964.05,48.01,2964,16.46,2963.95,9.56,2963.9,0.1,2963.85,8.19,2963.8,13.54,2963.7,11.18,2963.65,9.04,2963.6,12.3,2963.55,20.82
1715247444083,1715247444034326000,GATE,ETHUSDT,2964.1,0.39,2964.15,0.67,2964.25,0.72,2964.3,9.2,2964.35,0.67,2964.4,16.34,2964.45,0.67,2964.5,14.8,2964.55,15.93,2964.6,16.73,2964.05,48.01,2964,16.46,2963.95,9.56,2963.9,0.1,2963.85,8.19,2963.8,13.54,2963.7,11.18,2963.65,9.04,2963.6,12.3,2963.55,20.82
1715247444193,1715247444137061000,GATE,ETHUSDT,2964.1,0.27,2964.25,0.72,2964.3,9.2,2964.35,0.67,2964.4,10.84,2964.45,0.67,2964.5,14.8,2964.55,15.93,2964.6,16.73,2964.65,12.3,2964.05,48.01,2964,16.46,2963.95,9.56,2963.9,0.1,2963.85,8.19,2963.8,13.54,2963.75,5.5,2963.7,11.18,2963.65,9.04,2963.6,12.3
1715247444299,1715247444235819000,GATE,ETHUSDT,2964.1,0.27,2964.25,0.72,2964.3,9.2,2964.35,0.67,2964.4,10.84,2964.45,0.67,2964.5,14.8,2964.55,15.93,2964.6,16.73,2964.65,12.3,2964.05,48.01,2964,16.46,2963.95,9.56,2963.9,0.1,2963.85,8.19,2963.8,13.54,2963.75,5.5,2963.7,11.18,2963.65,9.04,2963.6,12.3
1715247444392,1715247444327084000,GATE,ETHUSDT,2964.1,0.1,2964.25,0.67,2964.35,0.67,2964.4,10.84,2964.45,0.67,2964.5,1.12,2964.55,14.31,2964.6,26.44,2964.65,12.3,2964.7,12.46,2964.05,56.04,2964,16.46,2963.95,9.56,2963.9,0.1,2963.85,8.19,2963.8,13.54,2963.75,5.5,2963.7,11.18,2963.65,9.04,2963.6,12.3
1715247444499,1715247444437444000,GATE,ETHUSDT,2964.1,0.1,2964.25,0.67,2964.35,0.67,2964.4,10.84,2964.45,0.67,2964.5,1.12,2964.55,6.22,2964.6,24.92,2964.65,21.91,2964.7,12.46,2964.05,56.04,2964,16.46,2963.95,9.56,2963.9,0.1,2963.85,8.16,2963.8,13.54,2963.75,5.5,2963.7,11.18,2963.65,9.04,2963.6,12.3
1715247444590,1715247444531100000,GATE,ETHUSDT,2964.1,0.1,2964.35,0.67,2964.4,10.84,2964.45,0.67,2964.5,1.12,2964.55,0.72,2964.6,24.92,2964.65,17.7,2964.7,12.46,2964.75,22.07,2964.05,56.04,2964,16.46,2963.95,9.56,2963.9,5.6,2963.85,8.19,2963.8,13.54,2963.75,5.5,2963.7,11.18,2963.65,9.04,2963.6,12.3
1715247444694,1715247444629118000,GATE,ETHUSDT,2964.1,0.1,2964.35,0.67,2964.4,10.84,2964.45,0.67,2964.5,1.12,2964.55,6.22,2964.6,16.83,2964.65,16.08,2964.7,12.46,2964.75,22.07,2964.05,57.94,2964,16.46,2963.95,9.56,2963.9,5.6,2963.85,8.19,2963.8,13.54,2963.75,5.5,2963.7,11.18,2963.65,9.04,2963.6,12.3
1715247444798,1715247444735630000,GATE,ETHUSDT,2964.1,0.1,2964.35,3.36,2964.4,10.84,2964.45,0.67,2964.5,1.12,2964.55,6.22,2964.6,16.83,2964.65,7.99,2964.7,20.55,2964.75,39.87,2964.05,57.94,2964,16.46,2963.95,9.56,2963.9,5.6,2963.85,8.19,2963.8,13.54,2963.75,5.5,2963.7,11.18,2963.65,9.04,2963.6,12.3
1715247444858,1715247444831970000,GATE,ETHUSDT,2964.1,0.1,2964.35,3.36,2964.4,10.84,2964.45,0.67,2964.5,1.12,2964.55,0.72,2964.6,16.83,2964.65,1.21,2964.7,12.46,2964.75,30.16,2964.05,57.94,2964,16.46,2963.95,9.56,2963.9,5.6,2963.85,8.19,2963.8,13.54,2963.75,5.5,2963.7,11.18,2963.65,9.04,2963.6,12.3
1715247445002,1715247444935712000,GATE,ETHUSDT,2964.35,2.69,2964.4,10.84,2964.45,0.67,2964.5,1.12,2964.55,0.72,2964.6,11.24,2964.65,1.21,2964.7,12.51,2964.75,30.16,2964.8,62.29,2964.3,55.25,2964.15,0.1,2964.1,16.05,2964.05,20.3,2964,10.68,2963.95,8.98,2963.9,5.5,2963.85,13.78,2963.8,13.54,2963.75,5.5
1715247445102,1715247445035867000,GATE,ETHUSDT,2964.55,0.12,2964.6,11.14,2964.65,0.7,2964.7,0.7,2964.75,21.17,2964.8,49.58,2964.85,13.97,2964.9,29.66,2964.95,10.62,2965,13.1,2964.5,34.58,2964.4,20.55,2964.35,35.22,2964.3,1.36,2964.25,3.35,2964.2,5.5,2964.05,16.01,2964,10.68,2963.95,11.17,2963.9,26.18
1715247445186,1715247445130060000,GATE,ETHUSDT,2964.55,7.11,2964.6,11.14,2964.65,0.67,2964.7,1.82,2964.75,21.1,2964.8,60.11,2964.85,19.47,2964.9,29.66,2964.95,10.62,2965,22.53,2964.5,37.75,2964.4,13.49,2964.35,27.83,2964.3,1.2,2964.2,6.79,2964.15,11.17,2964.05,27.18,2964,10.71,2963.95,11.17,2963.9,26.18
1715247445290,1715247445228905000,GATE,ETHUSDT,2964.55,13.29,2964.6,11.14,2964.65,8.76,2964.7,7.32,2964.75,30.81,2964.8,52.02,2964.85,9.76,2964.9,39.09,2964.95,10.62,2965,13.1,2964.5,37.79,2964.4,13.49,2964.35,22.33,2964.3,1.2,2964.2,6.79,2964.15,11.17,2964.05,21.68,2964,10.71,2963.95,11.17,2963.9,26.18
1715247445381,1715247445325283000,GATE,ETHUSDT,2964.55,13.29,2964.6,11.14,2964.65,8.76,2964.7,7.32,2964.75,30.81,2964.8,51.92,2964.85,9.86,2964.9,39.09,2964.95,10.62,2965,13.1,2964.5,42.06,2964.4,13.49,2964.35,22.43,2964.2,6.79,2964.15,11.17,2964.05,21.68,2964,10.71,2963.95,11.17,2963.9,26.18,2963.85,49.65
1715247445494,1715247445432617000,GATE,ETHUSDT,2964.55,13.28,2964.6,11.14,2964.65,8.76,2964.7,7.32,2964.75,30.81,2964.8,51.92,2964.85,9.86,2964.9,39.09,2964.95,10.62,2965,13.1,2964.5,42.18,2964.4,13.49,2964.35,21.43,2964.2,6.79,2964.15,11.17,2964.05,21.68,2964,10.71,2963.95,11.17,2963.9,26.18,2963.85,49.65
1715247445597,1715247445532182000,GATE,ETHUSDT,2964.55,0.92,2964.6,11.14,2964.65,8.76,2964.7,1.82,2964.75,38.9,2964.8,51.92,2964.85,4.36,2964.9,39.09,2964.95,10.62,2965,13.1,2964.5,43.14,2964.4,13.49,2964.35,21.43,2964.2,12.29,2964.15,11.17,2964.05,27.18,2964,10.71,2963.95,11.17,2963.9,26.18,2963.85,49.65
1715247445691,1715247445627247000,GATE,ETHUSDT,2964.55,1.49,2964.6,11.14,2964.65,0.67,2964.7,1.82,2964.75,29.19,2964.8,61.63,2964.85,9.86,2964.9,39.36,2964.95,10.62,2965,13.1,2964.5,43.14,2964.4,13.49,2964.35,21.43,2964.2,12.29,2964.15,11.17,2964.1,0.17,2964.05,27.18,2964,10.71,2963.95,11.17,2963.9,26.18
1715247445799,1715247445736932000,GATE,ETHUSDT,2964.55,0.82,2964.6,11.14,2964.65,0.67,2964.7,1.82,2964.75,29.19,2964.8,51.92,2964.85,19.47,2964.9,39.19,2964.95,11.29,2965,13.1,2964.5,43.14,2964.4,13.49,2964.35,12.23,2964.2,12.29,2964.15,11.17,2964.05,27.18,2964,10.71,2963.95,11.17,2963.9,26.18,2963.85,49.65
1715247445890,1715247445827878000,GATE,ETHUSDT,2964.55,0.57,2964.7,0.19,2964.75,21.1,2964.8,51.92,2964.85,4.26,2964.9,8.3,2964.95,15.42,2965,21.29,2965.05,14.51,2965.1,15.88,2964.5,55.63,2964.45,9.2,2964.4,18.18,2964.35,12.23,2964.2,12.29,2964.15,11.17,2964.05,27.18,2964,0.04,2963.95,11.17,2963.9,26.18
1715247445997,1715247445931547000,GATE,ETHUSDT,2964.55,0.57,2964.7,0.19,2964.75,21.07,2964.8,51.92,2964.85,5.38,2964.9,2.73,2964.95,15.42,2965,21.19,2965.05,14.61,2965.1,15.88,2964.5,50.13,2964.45,9.2,2964.4,18.18,2964.35,12.23,2964.2,12.2,2964.15,11.17,2964.1,11.67,2964.05,20.8,2964,0.01,2963.95,11.17
1715247446099,1715247446035898000,GATE,ETHUSDT,2964.55,1.53,2964.65,0.67,2964.7,0.19,2964.75,21.07,2964.8,60.01,2964.85,20.59,2964.9,2.73,2964.95,5.71,2965,13.1,2965.05,14.61,2964.5,50.13,2964.45,9.2,2964.4,18.08,2964.35,12.23,2964.2,6.7,2964.15,11.2,2964.1,11.67,2964.05,20.77,2964,0.01,2963.95,11.17
1715247446194,1715247446131712000,GATE,ETHUSDT,2964.55,1.53,2964.65,0.67,2964.7,0.19,2964.75,21.07,2964.8,60.01,2964.85,20.59,2964.9,2.73,2964.95,5.71,2965,13.1,2965.05,30.38,2964.5,50.13,2964.45,9.2,2964.4,18.08,2964.35,12.23,2964.2,6.7,2964.15,11.2,2964.1,11.67,2964.05,20.77,2964,0.01,2963.95,11.17
1715247446295,1715247446237559000,GATE,ETHUSDT,2964.55,0.57,2964.7,0.19,2964.8,53.82,2964.85,13.47,2964.9,2.73,2964.95,15.42,2965,7.6,2965.05,39.81,2965.1,15.88,2965.15,23.33,2964.5,64.41,2964.45,9.2,2964.4,18.08,2964.35,17.73,2964.2,12.2,2964.15,11.2,2964.1,11.67,2964.05,20.77,2964,0.01,2963.95,11.17
1715247446387,1715247446325254000,GATE,ETHUSDT,2964.55,0.57,2964.7,0.05,2964.8,51.92,2964.85,4.71,2964.9,2.73,2964.95,13.8,2965,6.6,2965.05,18.74,2965.1,10.31,2965.15,17.75,2964.5,65.13,2964.45,9.2,2964.4,20.77,2964.35,17.73,2964.2,12.2,2964.15,11.2,2964.1,11.67,2964.05,20.77,2964,0.01,2963.95,11.17
1715247446502,1715247446444845000,GATE,ETHUSDT,2964.55,0.42,2964.8,51.92,2964.85,5.38,2964.9,12.41,2964.95,13.8,2965,6.68,2965.05,9.03,2965.1,10.31,2965.15,17.8,2965.2,24.63,2964.5,65.13,2964.45,9.2,2964.4,20.77,2964.35,17.73,2964.2,12.2,2964.15,11.2,2964.1,11.67,2964.05,20.77,2964,0.01,2963.95,11.17
1715247446565,1715247446526588000,GATE,ETHUSDT,2964.55,0.8,2964.7,0.05,2964.75,0.67,2964.8,51.92,2964.85,5.38,2964.9,12.4,2964.95,13.83,2965,12.2,2965.05,8.93,2965.1,6.1,2964.5,59.63,2964.45,9.2,2964.4,20.77,2964.35,12.23,2964.2,12.2,2964.15,11.2,2964.1,12.79,2964.05,20.77,2964,0.01,2963.95,11.17
1715247446692,1715247446627552000,GATE,ETHUSDT,2964.55,1.31,2964.65,0.67,2964.7,0.05,2964.75,0.67,2964.8,61.91,2964.85,10.88,2964.9,12.4,2964.95,5.71,2965,12.2,2965.05,8.93,2964.5,58.67,2964.45,9.2,2964.4,20.77,2964.35,12.23,2964.2,6.7,2964.15,11.2,2964.1,12.79,2964.05,20.77,2964,0.01,2963.95,11.17
1715247446793,1715247446729393000,GATE,ETHUSDT,2964.55,6.8,2964.65,0.67,2964.7,9.25,2964.75,2.57,2964.8,60.01,2964.85,10.88,2964.9,18.02,2964.95,5.71,2965,12.2,2965.05,8.93,2964.5,58.67,2964.4,18.08,2964.35,12.23,2964.2,6.7,2964.15,11.2,2964.1,12.79,2964.05,20.77,2964,0.01,2963.95,11.17,2963.9,30.38
1715247446895,1715247446838944000,GATE,ETHUSDT,2964.55,7.57,2964.65,0.67,2964.7,14.75,2964.75,2.57,2964.8,60.01,2964.85,10.88,2964.9,27.5,2964.95,5.71,2965,27.93,2965.05,8.93,2964.5,49.33,2964.4,18.08,2964.35,12.23,2964.2,6.7,2964.15,11.2,2964.1,12.79,2964.05,15.27,2964,0.01,2963.95,11.17,2963.9,30.38
1715247446987,1715247446938417000,GATE,ETHUSDT,2964.55,14.31,2964.65,0.67,2964.7,14.75,2964.75,2.57,2964.8,60.01,2964.85,10.88,2964.9,43.23,2964.95,5.71,2965,17.78,2965.05,8.93,2964.5,20.2,2964.4,10.79,2964.35,12.13,2964.2,2.42,2964.15,11.2,2964.1,10.02,2964.05,15.27,2964,0.01,2963.95,11.17,2963.9,30.38
1715247447094,1715247447031513000,GATE,ETHUSDT,2964.55,16.23,2964.6,8.09,2964.65,0.67,2964.7,14.75,2964.75,2.57,2964.8,51.92,2964.85,10.88,2964.9,39.1,2964.95,16.41,2965,17.78,2964.5,31.69,2964.4,18.08,2964.35,12.13,2964.2,6.44,2964.15,11.2,2964.1,10.02,2964.05,15.27,2964,0.01,2963.95,11.17,2963.9,30.38
1715247447194,1715247447134678000,GATE,ETHUSDT,2964.55,43.91,2964.6,0.15,2964.65,0.67,2964.7,14.85,2964.75,0.67,2964.8,62.42,2964.85,10.88,2964.9,39.17,2964.95,16.41,2965,17.68,2964.5,2.69,2964.45,2.14,2964.4,10.79,2964.2,2.42,2964.15,5.58,2964.1,5.31,2964.05,7.48,2964,0.04,2963.95,11.17,2963.9,24.88
1715247447282,1715247447227096000,GATE,ETHUSDT,2964.55,43.91,2964.6,0.15,2964.65,0.67,2964.7,14.85,2964.75,19.28,2964.8,62.42,2964.85,10.88,2964.9,39.17,2964.95,16.41,2965,17.68,2964.5,1.73,2964.45,0.98,2964.4,10.79,2964.2,2.42,2964.15,5.58,2964.1,5.31,2964.05,7.48,2964,0.04,2963.95,11.17,2963.9,24.88
1715247447392,1715247447326880000,GATE,ETHUSDT,2964.55,43.91,2964.6,0.15,2964.65,0.67,2964.7,14.85,2964.75,19.28,2964.8,62.42,2964.85,10.88,2964.9,39.17,2964.95,16.41,2965,17.68,2964.5,4.66,2964.45,2.13,2964.4,10.79,2964.15,5.58,2964.1,5.31,2964.05,7.48,2964,0.04,2963.95,11.17,2963.9,24.88,2963.85,53.67
1715247447491,1715247447426983000,GATE,ETHUSDT,2964.15,27.29,2964.2,0.83,2964.25,15.37,2964.3,13.6,2964.35,2.69,2964.4,0.05,2964.45,0.05,2964.5,36.65,2964.55,16.93,2964.6,17.46,2964.1,27.75,2964,0.01,2963.95,0.03,2963.9,14.23,2963.85,38.85,2963.8,23.83,2963.7,11.19,2963.65,6.22,2963.6,21.32,2963.55,16.75
1715247447597,1715247447537832000,GATE,ETHUSDT,2964.15,27.96,2964.25,15.37,2964.3,5.5,2964.35,8.1,2964.4,0.05,2964.45,0.05,2964.5,42.94,2964.55,16.78,2964.6,11.17,2964.65,15.11,2964.1,28.56,2964,0.01,2963.9,14.23,2963.85,38.88,2963.8,23.83,2963.7,11.19,2963.65,18.63,2963.6,21.32,2963.55,16.75,2963.5,37.4
1715247447695,1715247447629471000,GATE,ETHUSDT,2964.15,28.42,2964.25,15.37,2964.3,5.5,2964.35,8.1,2964.4,0.05,2964.45,0.05,2964.5,42.94,2964.55,15.88,2964.6,11.17,2964.65,15.11,2964.1,28.56,2964,0.01,2963.9,14.23,2963.85,38.88,2963.8,23.83,2963.7,11.19,2963.65,18.63,2963.6,21.32,2963.55,16.75,2963.5,37.4
1715247447788,1715247447725671000,GATE,ETHUSDT,2964.15,13.05,2964.25,6.17,2964.3,5.5,2964.35,8.1,2964.4,0.05,2964.45,0.05,2964.5,42.94,2964.55,15.88,2964.6,11.17,2964.65,15.11,2964.1,36.95,2964,0.01,2963.95,9.2,2963.9,14.23,2963.85,38.88,2963.8,23.83,2963.7,11.19,2963.65,24.13,2963.6,21.32,2963.55,16.75
1715247447893,1715247447830068000,GATE,ETHUSDT,2964.15,13.05,2964.25,5.5,2964.35,8.77,2964.4,0.05,2964.45,0.72,2964.5,42.94,2964.55,15.88,2964.6,11.17,2964.65,9.65,2964.7,16.91,2964.1,37.91,2964,0.01,2963.95,9.2,2963.9,14.23,2963.85,38.85,2963.8,23.83,2963.7,11.19,2963.65,24.13,2963.6,21.32,2963.55,16.75
1715247447990,1715247447927376000,GATE,ETHUSDT,2964.15,18.55,2964.25,6.17,2964.35,8.77,2964.4,0.05,2964.45,0.72,2964.5,42.94,2964.55,15.88,2964.6,11.17,2964.65,9.65,2964.7,17.93,2964.1,36.95,2964,0.01,2963.95,9.2,2963.9,14.23,2963.85,38.88,2963.8,23.83,2963.7,11.19,2963.65,24.13,2963.6,21.32,2963.55,16.75
1715247448101,1715247448037035000,GATE,ETHUSDT,2964.15,24.74,2964.2,10.12,2964.25,6.17,2964.3,17.82,2964.35,3.36,2964.4,0.05,2964.45,0.72,2964.5,38.25,2964.55,6.17,2964.6,11.17,2964.1,27.75,2964,0.01,2963.95,9.2,2963.9,14.23,2963.85,38.88,2963.8,23.83,2963.7,11.19,2963.65,24.13,2963.6,21.32,2963.55,16.75
1715247448188,1715247448129048000,GATE,ETHUSDT,2964.15,24.74,2964.2,18.22,2964.25,6.17,2964.3,9.72,2964.35,3.36,2964.4,0.05,2964.45,0.72,2964.5,38.25,2964.55,6.17,2964.6,11.17,2964.1,27.75,2964,0.01,2963.95,9.2,2963.9,14.23,2963.85,38.88,2963.8,23.83,2963.7,11.19,2963.65,24.13,2963.6,21.32,2963.55,16.75
1715247448283,1715247448230705000,GATE,ETHUSDT,2964.15,24.74,2964.2,10.12,2964.25,6.17,2964.3,8.1,2964.35,13.08,2964.4,0.05,2964.45,0.72,2964.5,38.25,2964.55,6.17,2964.6,11.17,2964.1,27.75,2964,0.01,2963.95,9.2,2963.9,14.23,2963.85,38.88,2963.8,23.83,2963.7,11.19,2963.65,24.13,2963.6,21.32,2963.55,16.75
1715247448397,1715247448332149000,GATE,ETHUSDT,2964.15,21.59,2964.2,10.12,2964.25,6.17,2964.3,8.1,2964.35,13.08,2964.4,0.05,2964.45,0.72,2964.5,38.25,2964.55,6.17,2964.6,11.17,2964.1,27.75,2964,0.01,2963.95,9.2,2963.9,14.23,2963.85,38.88,2963.8,23.83,2963.7,11.19,2963.65,24.13,2963.6,21.32,2963.55,16.75
1715247448466,1715247448427208000,GATE,ETHUSDT,2964.15,13.72,2964.2,10.12,2964.25,6.17,2964.3,8.1,2964.35,10.39,2964.4,0.05,2964.45,0.72,2964.5,38.25,2964.55,6.17,2964.6,11.17,2964.1,27.75,2964,0.01,2963.95,9.2,2963.9,14.23,2963.85,38.88,2963.8,23.83,2963.7,11.19,2963.65,24.13,2963.6,21.32,2963.55,16.75
1715247448586,1715247448527944000,GATE,ETHUSDT,2964.15,58.42,2964.2,10.27,2964.25,6.17,2964.3,5.6,2964.35,0.67,2964.4,0.05,2964.45,19.9,2964.5,38.25,2964.55,6.17,2964.6,16.21,2964.1,17.48,2964,0.01,2963.95,9.2,2963.9,14.23,2963.85,33.84,2963.8,21.14,2963.7,11.19,2963.65,18.63,2963.6,26.36,2963.55,16.75
1715247448700,1715247448635132000,GATE,ETHUSDT,2964.15,71.78,2964.2,10.27,2964.25,6.17,2964.3,5.6,2964.35,0.67,2964.4,23.55,2964.45,20.41,2964.5,36.35,2964.55,6.17,2964.6,16.21,2964.1,14.76,2964,0.01,2963.9,14.23,2963.85,33.44,2963.8,21.14,2963.7,11.19,2963.65,12.44,2963.6,26.36,2963.55,16.75,2963.5,31.9
1715247448790,1715247448730801000,GATE,ETHUSDT,2964.15,67.91,2964.2,10.27,2964.25,6.17,2964.3,5.6,2964.35,3.36,2964.4,23.55,2964.45,20.82,2964.5,36.45,2964.55,6.17,2964.6,16.21,2964.1,2.28,2964,0.01,2963.95,9.2,2963.9,14.23,2963.85,33.44,2963.8,21.14,2963.7,11.19,2963.65,12.44,2963.6,26.36,2963.55,16.75
1715247448897,1715247448839432000,GATE,ETHUSDT,2964.05,13.32,2964.1,22.26,2964.15,73.37,2964.2,13.91,2964.25,6.17,2964.3,10.64,2964.35,3.36,2964.4,24.67,2964.45,20.92,2964.5,36.35,2964,0.01,2963.7,0.01,2963.65,12.44,2963.6,10.14,2963.5,31.9,2963.45,1.36,2963.4,14.98,2963.35,7.25,2963.25,24.07,2963.2,13.67
1715247448994,1715247448930530000,GATE,ETHUSDT,2963.75,68.79,2963.8,11.22,2963.85,10.2,2963.9,6.8,2963.95,8.94,2964,12.55,2964.05,42.56,2964.1,70.95,2964.15,30.15,2964.2,26.91,2963.7,1.45,2963.65,12.41,2963.55,7.8,2963.5,12.54,2963.45,1.36,2963.35,7.11,2963.3,5.58,2963.25,13.73,2963.2,13.87,2963.15,26.86
1715247449092,1715247449028900000,GATE,ETHUSDT,2963.75,65.71,2963.8,11.22,2963.85,10.2,2963.9,6.85,2963.95,9.48,2964,12.45,2964.05,42.5,2964.1,77.24,2964.15,29.83,2964.2,17.53,2963.7,2.5,2963.65,12.41,2963.55,7.77,2963.5,12.54,2963.45,1.36,2963.35,3.39,2963.3,5.59,2963.25,10.31,2963.2,30.03,2963.15,26.89
1715247449195,1715247449130772000,GATE,ETHUSDT,2963.75,60.37,2963.8,11.22,2963.85,10.2,2963.9,6.85,2963.95,9.48,2964,12.45,2964.05,42.5,2964.1,63.17,2964.15,36.05,2964.2,17.53,2963.7,12.51,2963.65,12.41,2963.6,9.2,2963.55,7.77,2963.5,12.54,2963.45,1.36,2963.35,8.98,2963.3,5.59,2963.25,10.31,2963.2,30.39
1715247449290,1715247449225661000,GATE,ETHUSDT,2963.75,21.43,2963.8,5.48,2963.85,8.1,2963.9,9.77,2963.95,9.48,2964,12.45,2964.05,3.12,2964.1,45.53,2964.15,30.35,2964.2,17.53,2963.7,15.36,2963.65,17.45,2963.6,9.2,2963.55,7.77,2963.5,12.54,2963.45,13.23,2963.35,8.98,2963.3,5.59,2963.25,15.81,2963.2,30.39
1715247449397,1715247449335130000,GATE,ETHUSDT,2963.8,5.48,2963.9,8.1,2963.95,10.6,2964,22.17,2964.05,2.02,2964.1,5.59,2964.15,19.41,2964.2,12.05,2964.25,19.45,2964.3,25.58,2963.75,0.26,2963.7,28.51,2963.65,17.45,2963.6,9.2,2963.55,7.77,2963.5,12.54,2963.45,13.23,2963.4,5.5,2963.35,8.98,2963.3,5.59
1715247449472,1715247449434138000,GATE,ETHUSDT,2963.8,6.18,2963.9,0.16,2963.95,18.67,2964,22.17,2964.05,2.05,2964.1,2.09,2964.15,13.91,2964.2,11.95,2964.25,19.55,2964.3,25.58,2963.75,21.04,2963.65,17.97,2963.6,9.2,2963.55,7.77,2963.5,12.54,2963.45,13.23,2963.4,11.08,2963.35,8.98,2963.3,5.59,2963.25,15.84
1715247449598,1715247449532426000,GATE,ETHUSDT,2963.8,6.3,2963.9,0.16,2963.95,18.67,2964,22.17,2964.05,2.05,2964.1,7.6,2964.15,13.91,2964.2,11.95,2964.25,19.55,2964.3,25.58,2963.75,21.76,2963.65,17.97,2963.6,9.2,2963.55,7.77,2963.5,12.54,2963.45,13.23,2963.4,11.08,2963.35,8.98,2963.3,5.59,2963.25,15.84
1715247449691,1715247449626178000,GATE,ETHUSDT,2964,35.19,2964.05,0.87,2964.1,2.05,2964.15,12.91,2964.2,0.17,2964.25,0.72,2964.3,5.04,2964.35,39.69,2964.4,5.59,2964.45,15.7,2963.95,43.15,2963.9,9.75,2963.85,0.3,2963.8,4.69,2963.75,5.5,2963.7,4.48,2963.65,12.41,2963.6,5.59,2963.55,18.86,2963.5,18.13
1715247449793,1715247449730620000,GATE,ETHUSDT,2964,40.85,2964.05,0.87,2964.1,20.49,2964.15,12.94,2964.2,1.26,2964.25,3.83,2964.3,24.15,2964.35,39.69,2964.4,5.59,2964.45,6.26,2963.95,43.21,2963.9,0.03,2963.8,4.69,2963.7,4.48,2963.65,12.41,2963.6,5.59,2963.55,13.36,2963.5,18.13,2963.45,18.82,2963.4,11.11
1715247449895,1715247449834990000,GATE,ETHUSDT,2964,40.85,2964.05,0.87,2964.1,20.49,2964.15,12.94,2964.2,2.28,2964.25,3.83,2964.3,24.15,2964.35,39.69,2964.4,5.59,2964.45,6.26,2963.95,43.21,2963.9,0.03,2963.8,4.69,2963.7,4.48,2963.65,12.41,2963.6,5.59,2963.55,13.36,2963.5,18.13,2963.45,18.82,2963.4,11.11
1715247449992,1715247449927677000,GATE,ETHUSDT,2964,40.85,2964.05,0.87,2964.1,20.49,2964.15,18.54,2964.2,2.28,2964.25,3.83,2964.3,24.15,2964.35,39.59,2964.4,5.69,2964.45,6.26,2963.95,24.07,2963.9,0.03,2963.8,4.59,2963.7,4.48,2963.65,12.41,2963.6,5.59,2963.55,13.36,2963.5,18.13,2963.45,18.82,2963.4,11.11
1715247450081,1715247450029935000,GATE,ETHUSDT,2964,40.85,2964.05,0.87,2964.1,20.49,2964.15,12.29,2964.2,2.31,2964.25,3.83,2964.3,24.15,2964.35,39.59,2964.4,5.69,2964.45,12.48,2963.95,24.62,2963.9,0.03,2963.8,4.59,2963.7,4.48,2963.65,12.41,2963.6,5.59,2963.55,13.36,2963.5,18.13,2963.45,18.82,2963.4,11.11
1715247450134,1715247450129813000,GATE,ETHUSDT,2964,40.85,2964.05,0.87,2964.1,20.49,2964.15,12.29,2964.2,2.31,2964.25,3.83,2964.3,24.15,2964.35,39.59,2964.4,5.69,2964.45,12.48,2963.95,24.62,2963.9,0.03,2963.8,4.59,2963.7,4.48,2963.65,12.41,2963.6,5.59,2963.55,13.36,2963.5,18.13,2963.45,18.82,2963.4,11.11
1715247450288,1715247450227439000,GATE,ETHUSDT,2964,23.39,2964.05,9.92,2964.1,11.29,2964.15,6.79,2964.2,2.31,2964.25,3.83,2964.3,19.11,2964.35,8.86,2964.4,5.69,2964.45,6.89,2963.95,38.89,2963.9,0.03,2963.8,12.08,2963.75,12.39,2963.7,4.48,2963.65,17.91,2963.6,5.59,2963.55,13.36,2963.5,23.17,2963.45,6.95
1715247450391,1715247450332228000,GATE,ETHUSDT,2964,23.23,2964.05,9.92,2964.1,9.25,2964.15,1.63,2964.2,1.26,2964.25,0.72,2964.35,3.36,2964.4,9.81,2964.45,6.92,2964.5,7.92,2963.95,44.55,2963.9,0.03,2963.8,7.49,2963.75,12.39,2963.7,7.23,2963.65,17.94,2963.6,5.59,2963.55,18.6,2963.5,23.17,2963.45,6.95
1715247450480,1715247450429670000,GATE,ETHUSDT,2964,23.23,2964.05,9.92,2964.1,9.25,2964.15,1.63,2964.2,1.26,2964.25,0.72,2964.35,3.36,2964.4,9.81,2964.45,6.92,2964.5,7.92,2963.95,39.05,2963.9,0.03,2963.8,7.59,2963.75,12.39,2963.7,7.23,2963.65,17.94,2963.6,5.59,2963.55,18.6,2963.5,23.17,2963.45,6.95
1715247450595,1715247450534285000,GATE,ETHUSDT,2964,32.95,2964.05,0.2,2964.1,9.25,2964.15,1.63,2964.2,1.26,2964.25,0.72,2964.35,3.36,2964.4,9.81,2964.45,6.92,2964.5,7.92,2963.95,38.19,2963.9,0.03,2963.8,7.49,2963.75,12.39,2963.7,7.23,2963.65,17.94,2963.6,5.59,2963.55,18.6,2963.5,23.17,2963.45,6.95
1715247450687,1715247450626876000,GATE,ETHUSDT,2964,35.92,2964.05,0.87,2964.1,9.25,2964.15,1.63,2964.2,1.26,2964.25,0.72,2964.3,5.5,2964.35,3.36,2964.4,9.81,2964.45,11.96,2963.95,33.21,2963.9,0.03,2963.8,7.49,2963.75,12.39,2963.7,7.23,2963.65,12.44,2963.6,5.59,2963.55,18.6,2963.5,23.17,2963.45,6.95
1715247450791,1715247450727438000,GATE,ETHUSDT,2964,35.8,2964.05,0.2,2964.1,9.25,2964.15,1.63,2964.2,10.46,2964.25,0.72,2964.3,5.5,2964.35,3.36,2964.4,12.27,2964.45,11.96,2963.95,43.29,2963.9,0.03,2963.85,9.2,2963.8,7.59,2963.75,12.39,2963.7,7.23,2963.65,12.44,2963.6,5.59,2963.55,18.6,2963.5,23.17
1715247450898,1715247450835237000,GATE,ETHUSDT,2964,35.8,2964.05,0.2,2964.1,9.25,2964.15,1.63,2964.2,1.26,2964.25,0.72,2964.35,3.36,2964.4,12.27,2964.45,11.96,2964.5,7.92,2963.95,42.41,2963.9,0.03,2963.85,9.2,2963.8,7.59,2963.75,12.39,2963.7,7.23,2963.65,17.94,2963.6,5.59,2963.55,18.6,2963.5,23.17
1715247450990,1715247450925697000,GATE,ETHUSDT,2964,33.4,2964.05,0.2,2964.1,9.25,2964.15,1.63,2964.2,0.14,2964.25,0.72,2964.35,3.36,2964.4,12.27,2964.45,11.96,2964.5,7.92,2963.95,42.41,2963.9,0.03,2963.85,9.2,2963.8,7.59,2963.75,12.39,2963.7,7.23,2963.65,17.94,2963.6,5.59,2963.55,18.6,2963.5,23.17
1715247451089,1715247451025624000,GATE,ETHUSDT,2964,33.52,2964.05,0.87,2964.1,9.25,2964.15,1.63,2964.2,0.14,2964.25,1.84,2964.3,5.5,2964.35,3.36,2964.4,12.27,2964.45,12.98,2963.95,42.29,2963.9,0.03,2963.85,9.2,2963.8,7.59,2963.75,12.39,2963.7,7.23,2963.65,12.44,2963.6,5.59,2963.55,18.6,2963.5,23.17
1715247451197,1715247451136443000,GATE,ETHUSDT,2964,40.94,2964.05,0.87,2964.1,9.25,2964.15,7.23,2964.2,0.14,2964.25,5.2,2964.3,5.5,2964.35,28.52,2964.4,21.59,2964.45,27.97,2963.95,23.07,2963.9,0.03,2963.8,7.49,2963.75,12.39,2963.7,7.23,2963.65,12.44,2963.6,11.18,2963.55,13.01,2963.5,23.17,2963.45,6.95
1715247451288,1715247451227421000,GATE,ETHUSDT,2964,40.94,2964.05,0.87,2964.1,9.25,2964.15,7.23,2964.2,0.14,2964.25,5.2,2964.3,24.85,2964.35,34.1,2964.4,5.59,2964.45,18.56,2963.95,22.35,2963.9,0.03,2963.8,7.49,2963.75,12.39,2963.7,7.23,2963.65,12.41,2963.6,11.18,2963.55,13.01,2963.5,23.2,2963.45,6.95
1715247451373,1715247451330863000,GATE,ETHUSDT,2964,40.94,2964.05,0.87,2964.1,9.25,2964.15,7.23,2964.2,0.14,2964.25,5.2,2964.3,24.85,2964.35,34.1,2964.4,5.59,2964.45,18.56,2963.95,22.9,2963.9,0.03,2963.8,7.49,2963.75,12.39,2963.7,7.23,2963.65,12.41,2963.6,11.18,2963.55,13.01,2963.5,23.2,2963.45,6.95
1715247451498,1715247451437705000,GATE,ETHUSDT,2964,47.68,2964.05,0.87,2964.1,9.25,2964.15,7.23,2964.2,0.14,2964.25,5.2,2964.3,24.85,2964.35,34.1,2964.4,5.59,2964.45,18.56,2963.95,22.35,2963.9,0.03,2963.8,7.49,2963.75,12.39,2963.7,7.23,2963.65,12.44,2963.6,11.18,2963.55,13.01,2963.5,23.17,2963.45,6.95
1715247451594,1715247451528561000,GATE,ETHUSDT,2964,47.68,2964.05,0.87,2964.1,9.25,2964.15,7.23,2964.2,0.14,2964.25,5.2,2964.3,24.85,2964.35,34.1,2964.4,5.59,2964.45,18.56,2963.95,22.35,2963.9,0.03,2963.8,7.49,2963.75,12.39,2963.7,7.23,2963.65,12.44,2963.6,11.18,2963.55,13.01,2963.5,23.17,2963.45,6.95
1715247451682,1715247451629077000,GATE,ETHUSDT,2964,48.09,2964.05,0.87,2964.1,9.25,2964.15,7.23,2964.2,0.14,2964.25,5.2,2964.3,24.85,2964.35,34.1,2964.4,5.59,2964.45,18.56,2963.95,22.35,2963.9,0.03,2963.8,7.49,2963.75,12.39,2963.7,7.23,2963.65,12.44,2963.6,11.18,2963.55,13.01,2963.5,23.17,2963.45,6.95
1715247451734,1715247451725437000,GATE,ETHUSDT,2964,57.29,2964.05,0.87,2964.1,9.25,2964.15,7.23,2964.2,9.34,2964.25,5.2,2964.3,24.85,2964.35,34.1,2964.4,5.59,2964.45,18.56,2963.95,22.35,2963.9,0.03,2963.85,9.2,2963.8,7.49,2963.75,12.39,2963.7,7.23,2963.65,12.44,2963.6,11.18,2963.55,13.01,2963.5,23.17
1715247451815,1715247451831132000,GATE,ETHUSDT,2964,57.29,2964.05,0.87,2964.1,9.25,2964.15,7.23,2964.2,9.34,2964.25,5.2,2964.3,24.85,2964.35,34.1,2964.4,5.59,2964.45,18.56,2963.95,22.35,2963.9,0.03,2963.8,7.49,2963.75,12.39,2963.7,7.23,2963.65,12.44,2963.6,11.18,2963.55,13.01,2963.5,23.17,2963.45,6.95
1715247451985,1715247451926123000,GATE,ETHUSDT,2964,59.29,2964.05,0.87,2964.1,9.25,2964.15,12.83,2964.2,9.34,2964.25,1.94,2964.3,24.85,2964.35,34.1,2964.4,5.59,2964.45,18.56,2963.95,2.53,2963.9,0.03,2963.8,7.49,2963.75,12.39,2963.7,7.23,2963.65,12.41,2963.6,5.59,2963.55,18.6,2963.5,23.17,2963.45,6.95
1715247452088,1715247452031012000,GATE,ETHUSDT,2964,54.44,2964.05,0.87,2964.1,9.25,2964.15,12.86,2964.2,9.34,2964.25,1.94,2964.3,24.85,2964.35,34.1,2964.4,5.59,2964.45,18.53,2963.95,3.87,2963.9,0.03,2963.8,7.49,2963.75,12.39,2963.7,7.23,2963.65,12.41,2963.6,5.58,2963.55,18.6,2963.5,23.17,2963.45,6.95
1715247452163,1715247452132504000,GATE,ETHUSDT,2964,54.44,2964.05,0.87,2964.1,9.24,2964.15,12.86,2964.2,9.35,2964.25,1.94,2964.3,24.85,2964.35,34.1,2964.4,5.59,2964.45,18.53,2963.95,4.56,2963.9,0.03,2963.8,7.49,2963.75,12.39,2963.7,7.23,2963.65,12.41,2963.6,5.58,2963.55,18.6,2963.5,23.17,2963.45,6.95
1715247452298,1715247452236412000,GATE,ETHUSDT,2964,37.72,2964.05,0.87,2964.1,9.24,2964.15,7.26,2964.2,9.35,2964.25,1.84,2964.3,24.95,2964.35,34.1,2964.4,5.59,2964.45,18.53,2963.95,7.19,2963.9,0.03,2963.8,7.49,2963.75,12.39,2963.7,7.23,2963.65,12.41,2963.6,5.58,2963.55,18.6,2963.5,28.67,2963.45,6.95
1715247452399,1715247452336765000,GATE,ETHUSDT,2964,37.72,2964.05,2.77,2964.1,9.24,2964.15,7.26,2964.2,9.35,2964.25,1.84,2964.3,24.95,2964.35,34.1,2964.4,5.59,2964.45,18.53,2963.95,8,2963.9,0.03,2963.8,7.49,2963.75,12.39,2963.7,7.23,2963.65,12.41,2963.6,5.58,2963.55,18.6,2963.5,28.67,2963.45,6.95
1715247452517,1715247452450229000,GATE,ETHUSDT,2964,43.34,2964.05,2.77,2964.1,9.24,2964.15,12.86,2964.2,9.86,2964.25,1.84,2964.3,24.85,2964.35,34.2,2964.4,5.59,2964.45,18.53,2963.95,6.04,2963.9,0.03,2963.8,7.49,2963.75,12.39,2963.7,7.23,2963.65,12.41,2963.6,5.58,2963.55,18.6,2963.5,23.17,2963.45,6.95
1715247452600,1715247452535694000,GATE,ETHUSDT,2964,43.34,2964.05,2.77,2964.1,9.24,2964.15,12.86,2964.2,10.37,2964.25,1.84,2964.3,24.85,2964.35,34.2,2964.4,5.59,2964.45,18.53,2963.95,3.05,2963.9,0.03,2963.8,7.49,2963.75,12.39,2963.7,7.23,2963.65,12.41,2963.6,5.58,2963.55,18.6,2963.5,23.17,2963.45,6.95
1715247452681,1715247452627119000,GATE,ETHUSDT,2964,43.71,2964.05,2.77,2964.1,9.24,2964.15,12.86,2964.2,10.37,2964.25,1.84,2964.3,24.85,2964.35,34.2,2964.4,5.59,2964.45,18.53,2963.95,4.56,2963.9,0.03,2963.8,7.49,2963.75,12.39,2963.7,7.23,2963.65,12.41,2963.6,5.58,2963.55,18.6,2963.5,23.17,2963.45,6.95
1715247452772,1715247452728791000,GATE,ETHUSDT,2964,52.91,2964.05,2.77,2964.1,18.44,2964.15,13.37,2964.2,11.39,2964.25,1.84,2964.3,24.85,2964.35,34.2,2964.4,5.59,2964.45,18.53,2963.95,4.56,2963.9,0.03,2963.85,9.2,2963.8,7.49,2963.75,12.39,2963.7,7.23,2963.65,12.41,2963.6,5.58,2963.55,18.6,2963.5,23.17
1715247452870,1715247452825482000,GATE,ETHUSDT,2964,38.09,2964.05,2.77,2964.1,9.24,2964.15,7.87,2964.2,11.39,2964.25,1.84,2964.3,24.85,2964.35,34.2,2964.4,5.59,2964.45,18.53,2963.95,4.68,2963.9,0.03,2963.85,9.2,2963.8,7.49,2963.75,12.39,2963.7,7.23,2963.65,12.41,2963.6,5.58,2963.55,18.6,2963.5,28.67
1715247452983,1715247452931681000,GATE,ETHUSDT,2964,28.37,2964.05,10.59,2964.1,9.24,2964.15,7.77,2964.2,11.39,2964.25,1.84,2964.3,19.35,2964.35,28.52,2964.4,5.69,2964.45,18.53,2963.95,8.12,2963.9,0.03,2963.85,9.2,2963.8,7.49,2963.75,12.39,2963.7,7.23,2963.65,17.91,2963.6,5.58,2963.55,18.6,2963.5,28.67
1715247453088,1715247453029486000,GATE,ETHUSDT,2964,17.31,2964.05,0.2,2964.1,18.96,2964.15,1.66,2964.2,0.15,2964.25,0.72,2964.3,0.05,2964.35,0.67,2964.45,7.91,2964.5,0.61,2963.95,32.19,2963.9,0.03,2963.85,9.2,2963.8,18.03,2963.75,12.39,2963.7,7.23,2963.65,17.91,2963.6,5.58,2963.55,18.6,2963.5,23.63
1715247453192,1715247453127701000,GATE,ETHUSDT,2964.05,0.17,2964.1,10.24,2964.15,0.96,2964.2,0.15,2964.25,8.1,2964.35,0.67,2964.4,9.72,2964.45,8.4,2964.5,0.51,2964.55,5.39,2964,78.66,2963.95,18.47,2963.85,0.1,2963.8,20.75,2963.75,12.39,2963.7,11.25,2963.65,20.26,2963.6,5.58,2963.55,18.6,2963.5,23.63
1715247453300,1715247453241251000,GATE,ETHUSDT,2964.5,16.02,2964.55,9.74,2964.65,0.56,2964.75,0.73,2964.8,29.43,2964.85,3.08,2964.9,14.5,2964.95,20,2965,6.6,2965.05,21.66,2964.45,44.33,2964.4,2.25,2964.2,4.92,2964.15,19.46,2964.1,33.33,2964.05,23.69,2964,11.09,2963.95,2.35,2963.9,5.58,2963.85,24.18
1715247453397,1715247453341046000,GATE,ETHUSDT,2965.35,10.72,2965.4,12.93,2965.45,21.24,2965.5,9.8,2965.55,0.61,2965.6,27.44,2965.65,67.83,2965.7,21.25,2965.75,14.4,2965.8,12.14,2965.3,8.46,2964.85,0.67,2964.8,2.4,2964.75,2.34,2964.7,5.63,2964.65,4.74,2964.6,23.64,2964.55,5.2,2964.5,5.91,2964.45,7.5
1715247453491,1715247453432284000,GATE,ETHUSDT,2965.35,49.03,2965.4,0.36,2965.5,1.18,2965.55,0.51,2965.6,6.5,2965.65,22.58,2965.75,6.6,2965.8,11.58,2965.85,11.46,2965.9,8.16,2965.3,5.07,2964.95,39.05,2964.85,8.76,2964.8,2.4,2964.75,13.12,2964.7,5.5,2964.65,19.63,2964.6,2.39,2964.55,13.59,2964.45,13.17
1715247453598,1715247453538679000,GATE,ETHUSDT,2965,35.81,2965.25,6.17,2965.3,9.25,2965.35,45.94,2965.45,5.65,2965.5,3.86,2965.6,19.09,2965.65,22.58,2965.75,12.24,2965.8,17.8,2964.95,15.16,2964.65,11.64,2964.6,27.46,2964.55,13.74,2964.5,5.5,2964.45,24.46,2964.4,0.24,2964.35,16.85,2964.3,17.36,2964.25,11.26
1715247453688,1715247453626918000,GATE,ETHUSDT,2965,25.07,2965.15,0.7,2965.25,6.17,2965.3,9.25,2965.35,45.94,2965.45,5.65,2965.5,3.83,2965.55,5.65,2965.6,19.09,2965.65,33.88,2964.95,16.12,2964.65,17.14,2964.6,32.5,2964.55,13.74,2964.5,5.56,2964.45,24.46,2964.4,2.93,2964.35,23.07,2964.3,17.36,2964.25,11.21
1715247453791,1715247453733582000,GATE,ETHUSDT,2965,9.91,2965.15,0.67,2965.25,6.17,2965.3,0.05,2965.35,39.27,2965.45,11.15,2965.5,3.83,2965.55,5.65,2965.6,19.09,2965.65,33.88,2964.95,17.72,2964.65,17.29,2964.6,32.5,2964.55,13.64,2964.5,5.53,2964.45,24.46,2964.4,13.79,2964.35,23.07,2964.3,17.36,2964.25,11.21
1715247453900,1715247453842507000,GATE,ETHUSDT,2965,7.21,2965.15,0.67,2965.2,1.9,2965.25,6.17,2965.3,0.05,2965.35,37.34,2965.45,11.15,2965.5,3.72,2965.55,6.01,2965.6,19.09,2964.95,17.72,2964.65,17.32,2964.6,32.5,2964.55,13.64,2964.5,5.5,2964.45,24.46,2964.4,13.79,2964.35,23.07,2964.3,17.36,2964.25,11.21
1715247453992,1715247453928889000,GATE,ETHUSDT,2965,7.93,2965.15,0.67,2965.2,1.9,2965.25,6.17,2965.3,0.05,2965.35,37.34,2965.45,11.15,2965.5,3.72,2965.55,6.01,2965.6,19.09,2964.95,15.56,2964.65,17.22,2964.6,32.6,2964.55,13.64,2964.5,5.5,2964.45,24.46,2964.4,13.79,2964.35,23.07,2964.3,17.36,2964.25,11.21
1715247454096,1715247454029501000,GATE,ETHUSDT,2965,7.51,2965.15,8.76,2965.2,11.61,2965.25,6.17,2965.3,0.05,2965.35,19.54,2965.4,0.51,2965.45,12.17,2965.5,4.23,2965.55,6.01,2964.95,16.52,2964.65,18.2,2964.6,32.6,2964.55,13.64,2964.5,5.5,2964.45,24.46,2964.4,13.79,2964.35,23.07,2964.3,17.36,2964.25,11.21
1715247454192,1715247454126392000,GATE,ETHUSDT,2965,7.41,2965.15,0.67,2965.2,1.9,2965.25,23.97,2965.3,0.05,2965.35,19.54,2965.4,0.51,2965.45,12.68,2965.5,4.23,2965.55,10.22,2964.95,37.32,2964.65,37.83,2964.6,32.6,2964.55,13.64,2964.5,20.26,2964.45,25.58,2964.4,27.72,2964.35,27.27,2964.3,17.36,2964.25,11.21
1715247454283,1715247454231342000,GATE,ETHUSDT,2965,7.41,2965.15,0.67,2965.2,1.9,2965.25,14.26,2965.3,9.76,2965.35,19.54,2965.4,0.51,2965.45,12.68,2965.5,4.23,2965.55,9.86,2964.95,37.32,2964.65,37.83,2964.6,32.6,2964.55,13.64,2964.5,20.26,2964.45,25.58,2964.4,27.72,2964.35,27.27,2964.3,17.36,2964.25,26.25
1715247454396,1715247454334488000,GATE,ETHUSDT,2965,7.83,2965.15,0.67,2965.2,1.9,2965.25,6.17,2965.3,13.59,2965.35,29.25,2965.4,0.51,2965.45,12.68,2965.5,4.23,2965.55,10.53,2964.95,37.32,2964.65,37.83,2964.6,40.85,2964.55,13.64,2964.5,5.5,2964.45,25.58,2964.4,27.72,2964.35,27.27,2964.3,17.36,2964.25,26.25
1715247454484,1715247454431573000,GATE,ETHUSDT,2965,7.83,2965.15,0.67,2965.2,1.9,2965.25,6.17,2965.3,8.14,2965.35,29.25,2965.4,0.51,2965.45,12.68,2965.5,4.23,2965.55,10.53,2964.95,37.32,2964.65,37.83,2964.6,32.5,2964.55,13.74,2964.5,20.93,2964.45,25.58,2964.4,27.72,2964.35,27.27,2964.3,17.36,2964.25,26.25
1715247454599,1715247454534251000,GATE,ETHUSDT,2965,8.5,2965.15,0.67,2965.25,8.07,2965.3,8.14,2965.35,29.25,2965.4,0.51,2965.45,12.68,2965.5,4.23,2965.55,11.04,2965.6,19.09,2964.95,35.32,2964.65,37.83,2964.6,32.5,2964.55,13.74,2964.5,20.93,2964.45,25.58,2964.4,27.72,2964.35,27.27,2964.3,17.36,2964.25,26.25
1715247454691,1715247454628193000,GATE,ETHUSDT,2965,10.12,2965.15,0.67,2965.25,8.07,2965.3,8.14,2965.35,29.25,2965.4,0.51,2965.45,13.35,2965.5,4.23,2965.55,11.04,2965.6,19.09,2964.95,34.97,2964.65,37.83,2964.6,32.5,2964.55,13.74,2964.5,20.93,2964.45,25.58,2964.4,27.72,2964.35,27.27,2964.3,17.36,2964.25,26.25
1715247454723,1715247454737542000,GATE,ETHUSDT,2965,10.12,2965.15,0.67,2965.2,9.2,2965.25,8.07,2965.3,8.14,2965.35,29.25,2965.4,0.51,2965.45,13.35,2965.5,4.23,2965.55,11.04,2964.95,34.97,2964.65,37.83,2964.6,32.5,2964.55,13.74,2964.5,20.93,2964.45,25.58,2964.4,27.72,2964.35,27.27,2964.3,17.36,2964.25,26.25
1715247454901,1715247454838003000,GATE,ETHUSDT,2965,23.91,2965.05,0.67,2965.1,8.09,2965.15,15.93,2965.2,9.2,2965.25,8.07,2965.3,5.55,2965.35,12.5,2965.4,0.51,2965.45,13.35,2964.95,25.41,2964.65,32.33,2964.6,32.5,2964.55,11.39,2964.5,15.43,2964.45,25.58,2964.4,27.72,2964.35,27.27,2964.3,17.36,2964.25,26.25
1715247454989,1715247454929118000,GATE,ETHUSDT,2965,32,2965.05,0.67,2965.15,15.93,2965.2,20.16,2965.25,8.07,2965.3,5.55,2965.35,12.5,2965.4,0.51,2965.45,13.35,2965.5,4.23,2964.95,25.84,2964.65,32.33,2964.6,32.5,2964.55,11.39,2964.5,15.43,2964.45,25.58,2964.4,27.72,2964.35,23.07,2964.3,17.36,2964.25,26.25
1715247455061,1715247455026542000,GATE,ETHUSDT,2965,31.43,2965.05,0.67,2965.1,9.71,2965.15,6.22,2965.2,20.16,2965.25,8.07,2965.3,5.55,2965.35,12.5,2965.4,0.51,2965.45,13.35,2964.95,25.51,2964.65,32.33,2964.6,32.5,2964.55,11.39,2964.5,15.43,2964.45,25.58,2964.4,27.72,2964.35,23.07,2964.3,17.36,2964.25,26.25
1715247455198,1715247455136765000,GATE,ETHUSDT,2965,56.97,2965.05,0.67,2965.15,6.32,2965.2,20.16,2965.25,6.2,2965.3,5.55,2965.35,30.23,2965.4,0.51,2965.45,19,2965.5,9.24,2964.95,1.29,2964.65,15.78,2964.6,5.04,2964.5,40.55,2964.45,23.38,2964.4,27.75,2964.35,23.07,2964.3,11.96,2964.25,30.45,2964.2,24.96
1715247455274,1715247455226837000,GATE,ETHUSDT,2965,56.97,2965.05,0.67,2965.15,6.32,2965.2,20.16,2965.25,6.2,2965.3,5.55,2965.35,30.23,2965.4,0.51,2965.45,19,2965.5,9.24,2964.95,0.16,2964.65,15.78,2964.6,5.04,2964.5,40.55,2964.45,23.38,2964.4,27.75,2964.35,23.07,2964.3,11.96,2964.25,30.45,2964.2,24.96
1715247455400,1715247455339725000,GATE,ETHUSDT,2965,66.17,2965.05,0.67,2965.15,6.32,2965.2,20.19,2965.25,6.17,2965.3,6.95,2965.35,30.23,2965.4,2.86,2965.45,25.22,2965.5,15.46,2964.95,0.15,2964.65,0.98,2964.5,7.29,2964.45,18.82,2964.4,11.1,2964.35,0.03,2964.3,0.1,2964.25,3.2,2964.2,5.18,2964.1,16.1
1715247455487,1715247455428759000,GATE,ETHUSDT,2965,66.17,2965.05,0.67,2965.15,6.32,2965.2,20.19,2965.25,6.17,2965.3,8.48,2965.35,30.23,2965.4,2.86,2965.45,25.22,2965.5,15.6,2964.95,0.15,2964.65,0.98,2964.5,7.29,2964.45,18.82,2964.4,11.1,2964.35,0.03,2964.3,0.1,2964.25,3.2,2964.2,5.18,2964.1,16.1
1715247455594,1715247455535581000,GATE,ETHUSDT,2965,66.17,2965.05,0.67,2965.15,6.32,2965.2,20.19,2965.25,6.17,2965.3,8.48,2965.35,30.23,2965.4,2.86,2965.45,25.22,2965.5,15.6,2964.95,0.15,2964.65,0.98,2964.5,7.29,2964.45,17.7,2964.4,11.1,2964.35,0.13,2964.25,3.2,2964.2,5.18,2964.15,1.12,2964.1,16.1
1715247455689,1715247455629904000,GATE,ETHUSDT,2965,69.18,2965.05,0.67,2965.1,9.2,2965.15,6.32,2965.2,21.21,2965.25,6.17,2965.3,8.48,2965.35,30.23,2965.4,2.86,2965.45,25.22,2964.95,0.15,2964.65,0.98,2964.5,7.29,2964.45,17.7,2964.4,11.1,2964.35,0.13,2964.25,3.2,2964.2,5.18,2964.15,1.12,2964.1,16.1
1715247455792,1715247455731380000,GATE,ETHUSDT,2964.7,88.42,2964.75,0.67,2964.8,11.12,2964.85,6.32,2964.9,2.69,2964.95,9.64,2965,43.49,2965.05,11.97,2965.1,9.2,2965.15,17.47,2964.65,0.98,2964.45,17.7,2964.4,11.1,2964.35,0.03,2964.25,9.43,2964.2,14.15,2964.15,31.08,2964.1,16.1,2964.05,5.7,2964,13.91
1715247455889,1715247455827287000,GATE,ETHUSDT,2964.7,82.51,2964.75,0.67,2964.8,11.12,2964.85,6.32,2964.9,2.72,2964.95,10.76,2965,43.33,2965.05,11.97,2965.1,14.24,2965.15,17.47,2964.65,1.07,2964.45,10.97,2964.4,11.1,2964.2,22.64,2964.15,31.08,2964.1,11.63,2964.05,5.8,2964,13.84,2963.95,6.75,2963.9,20.54
1715247455992,1715247455926974000,GATE,ETHUSDT,2964.7,82.51,2964.75,0.67,2964.8,11.12,2964.85,6.32,2964.9,2.72,2964.95,10.76,2965,43.33,2965.05,11.97,2965.1,14.24,2965.15,17.47,2964.65,0.47,2964.4,0.24,2964.1,10.51,2964.05,8.48,2964,13.84,2963.95,16.18,2963.9,36.54,2963.85,44.93,2963.8,27.39,2963.75,22.76
1715247456090,1715247456030693000,GATE,ETHUSDT,2964.45,85.5,2964.5,17.81,2964.55,0.91,2964.6,0.51,2964.65,9.2,2964.7,24.17,2964.75,0.67,2964.8,22.42,2964.85,6.17,2964.9,14.02,2964.4,4.86,2964.1,21.95,2964.05,30.92,2964,8.22,2963.95,6.75,2963.9,37.66,2963.85,29.27,2963.8,32.89,2963.75,22.87,2963.7,59.44
1715247456195,1715247456130704000,GATE,ETHUSDT,2964.45,70.63,2964.55,9,2964.6,10.22,2964.65,9.2,2964.7,24.01,2964.75,0.67,2964.8,22.42,2964.85,6.17,2964.9,14.02,2964.95,10.76,2964.4,10.54,2964.1,27.7,2964.05,36.57,2964,8.22,2963.95,6.75,2963.9,33.06,2963.85,29.27,2963.8,32.89,2963.75,22.76,2963.7,59.44
1715247456293,1715247456229788000,GATE,ETHUSDT,2964.45,65.29,2964.55,0.91,2964.6,8.6,2964.65,18.91,2964.7,24.01,2964.75,0.67,2964.8,22.42,2964.85,6.17,2964.9,14.02,2964.95,1.31,2964.4,10.54,2964.1,27.7,2964.05,36.57,2964,8.25,2963.95,12.25,2963.9,33.06,2963.85,29.24,2963.8,32.89,2963.75,22.76,2963.7,59.44
1715247456390,1715247456331144000,GATE,ETHUSDT,2964.45,62.95,2964.55,0.91,2964.6,0.51,2964.65,17.29,2964.7,17.82,2964.75,0.67,2964.8,22.42,2964.85,6.17,2964.9,14.02,2964.95,1.31,2964.4,14.51,2964.1,27.7,2964.05,36.57,2964,8.25,2963.95,12.25,2963.9,33.06,2963.85,29.24,2963.8,32.89,2963.75,22.76,2963.7,59.44
1715247456491,1715247456430541000,GATE,ETHUSDT,2964.45,52.81,2964.55,0.91,2964.6,0.51,2964.65,17.29,2964.7,17.82,2964.75,0.67,2964.8,22.42,2964.85,6.17,2964.9,14.02,2964.95,1.31,2964.4,15.47,2964.1,27.7,2964.05,36.47,2964,8.35,2963.95,12.25,2963.9,33.06,2963.85,29.24,2963.8,32.89,2963.75,22.76,2963.7,59.44
1715247456602,1715247456535628000,GATE,ETHUSDT,2964.45,7.63,2964.6,0.05,2964.7,1.61,2964.75,0.67,2964.8,17.28,2964.85,2.2,2964.9,16.43,2964.95,1.83,2965,41.35,2965.05,6.86,2964.4,34.46,2964.3,8,2964.25,17.54,2964.15,0.13,2964.1,33.2,2964.05,36.47,2964,16.21,2963.95,12.25,2963.9,38.93,2963.85,40.99
1715247456700,1715247456635323000,GATE,ETHUSDT,2964.7,12.46,2964.75,0.67,2964.8,11.12,2964.85,0.72,2964.9,9.2,2964.95,0.71,2965,30.04,2965.05,6.86,2965.1,8.09,2965.15,11.82,2964.65,33.37,2964.6,1.14,2964.55,0.52,2964.5,0.05,2964.45,11.51,2964.4,18.37,2964.3,39.4,2964.25,29.48,2964.2,10.69,2964.15,5.68
1715247456792,1715247456732401000,GATE,ETHUSDT,2964.7,13.04,2964.8,12.24,2964.85,0.72,2964.95,0.71,2965,15.4,2965.05,6.83,2965.1,8.09,2965.15,21.53,2965.2,1.05,2965.25,13.34,2964.65,33.37,2964.5,0.05,2964.45,9.2,2964.4,18.37,2964.35,13.22,2964.3,39.33,2964.25,29.58,2964.2,10.69,2964.15,5.65,2964.1,5.71
1715247456890,1715247456828159000,GATE,ETHUSDT,2964.7,12.62,2964.8,12.24,2964.85,0.72,2964.95,0.71,2965,15.45,2965.05,6.83,2965.1,8.09,2965.15,21.53,2965.2,1.56,2965.25,13.34,2964.65,33.37,2964.5,0.05,2964.45,9.2,2964.4,18.37,2964.35,13.22,2964.3,39.33,2964.25,29.58,2964.2,10.69,2964.15,5.65,2964.1,5.71
1715247456972,1715247456929883000,GATE,ETHUSDT,2964.7,13.04,2964.8,12.24,2964.85,0.72,2964.9,2.69,2964.95,0.71,2965,15.45,2965.05,6.83,2965.1,8.09,2965.15,21.53,2965.2,1.56,2964.65,33.37,2964.5,0.05,2964.45,9.2,2964.4,18.37,2964.35,13.22,2964.3,39.33,2964.25,29.58,2964.2,10.69,2964.15,5.65,2964.1,5.71
1715247457089,1715247457030073000,GATE,ETHUSDT,2964.7,5.36,2964.8,12.24,2964.85,0.67,2964.9,2.69,2964.95,0.71,2965,18.04,2965.05,6.83,2965.1,9.71,2965.15,11.82,2965.2,1.56,2964.65,35.56,2964.5,0.05,2964.45,9.2,2964.4,18.37,2964.35,13.22,2964.3,39.33,2964.25,29.58,2964.2,10.69,2964.15,5.65,2964.1,5.71
1715247457171,1715247457134782000,GATE,ETHUSDT,2964.7,5.58,2964.8,12.24,2964.85,0.67,2964.95,0.71,2965,18.04,2965.05,6.83,2965.1,9.71,2965.15,11.82,2965.2,1.56,2965.25,13.34,2964.65,35.56,2964.5,0.05,2964.45,9.2,2964.4,21.06,2964.35,13.22,2964.3,39.33,2964.25,29.58,2964.2,10.69,2964.15,5.65,2964.1,5.71
1715247457290,1715247457229303000,GATE,ETHUSDT,2964.7,5.58,2964.8,12.24,2964.85,0.67,2964.95,0.71,2965,18.04,2965.05,6.83,2965.1,9.71,2965.15,11.82,2965.2,1.56,2965.25,14.01,2964.65,35.56,2964.5,0.05,2964.45,9.2,2964.4,21.06,2964.35,13.22,2964.3,39.33,2964.25,29.58,2964.2,10.69,2964.15,5.65,2964.1,5.71
1715247457388,1715247457329878000,GATE,ETHUSDT,2964.7,6,2964.8,12.24,2964.85,0.67,2964.95,0.71,2965,18.04,2965.05,6.83,2965.1,10.22,2965.15,11.82,2965.2,1.56,2965.25,14.01,2964.65,35.56,2964.5,0.05,2964.45,9.2,2964.4,21.06,2964.35,13.22,2964.3,39.33,2964.25,29.58,2964.2,10.69,2964.15,5.65,2964.1,5.71
1715247457491,1715247457436574000,GATE,ETHUSDT,2964.7,6.3,2964.8,12.24,2964.85,0.72,2964.9,2.69,2964.95,0.71,2965,18.04,2965.05,6.83,2965.1,10.22,2965.15,11.82,2965.2,1.56,2964.65,34.17,2964.5,0.05,2964.45,9.2,2964.4,21.06,2964.35,13.22,2964.3,39.33,2964.25,29.58,2964.2,10.69,2964.15,5.65,2964.1,5.71
1715247457542,1715247457527960000,GATE,ETHUSDT,2964.7,6.3,2964.8,12.24,2964.85,0.72,2964.9,2.69,2964.95,0.71,2965,18.04,2965.05,6.83,2965.1,10.22,2965.15,11.85,2965.2,1.53,2964.65,34.17,2964.5,0.05,2964.45,9.2,2964.4,18.37,2964.35,13.22,2964.3,39.33,2964.25,29.58,2964.2,10.69,2964.15,5.65,2964.1,5.71
1715247457686,1715247457625982000,GATE,ETHUSDT,2964.7,15.52,2964.75,0.67,2964.8,12.24,2964.85,0.72,2964.9,11.89,2964.95,8.8,2965,25.16,2965.05,12.48,2965.1,0.51,2965.15,17.5,2964.65,26.45,2964.6,5.61,2964.55,9.2,2964.5,0.05,2964.45,9.2,2964.4,18.37,2964.35,13.22,2964.3,39.33,2964.25,29.48,2964.2,10.79
1715247457778,1715247457730453000,GATE,ETHUSDT,2964.7,15.52,2964.75,0.67,2964.8,12.24,2964.85,0.72,2964.9,11.89,2964.95,8.8,2965,25.11,2965.05,12.48,2965.1,0.51,2965.15,17.5,2964.65,26.45,2964.6,5.61,2964.55,9.2,2964.5,0.05,2964.45,9.2,2964.4,18.37,2964.35,13.22,2964.3,39.33,2964.25,29.48,2964.2,10.79
1715247457902,1715247457835898000,GATE,ETHUSDT,2964.7,14.53,2964.8,12.24,2964.85,0.72,2964.9,2.69,2964.95,8.8,2965,19.61,2965.05,6.83,2965.1,0.51,2965.15,17.5,2965.2,6.57,2964.65,32.33,2964.6,5.61,2964.55,9.2,2964.5,0.05,2964.45,9.2,2964.4,21.06,2964.35,13.22,2964.3,39.33,2964.25,29.48,2964.2,10.79
1715247457990,1715247457934773000,GATE,ETHUSDT,2964.7,13.04,2964.75,0.67,2964.8,12.24,2964.85,0.72,2964.95,8.8,2965,19.61,2965.05,6.83,2965.1,0.51,2965.15,17.5,2965.2,6.57,2964.65,31.37,2964.6,5.61,2964.55,9.2,2964.5,0.05,2964.45,9.2,2964.4,21.06,2964.35,13.22,2964.3,39.33,2964.25,29.48,2964.2,10.79
1715247458093,1715247458028231000,GATE,ETHUSDT,2964.7,19.54,2964.75,0.67,2964.8,12.24,2964.85,0.72,2964.9,8.09,2964.95,10.42,2965,15.4,2965.05,6.83,2965.1,0.51,2965.15,17.5,2964.65,30.22,2964.5,5.62,2964.45,17.88,2964.4,14.36,2964.3,42.3,2964.25,23.98,2964.2,10.79,2964.15,5.65,2964.1,5.71,2964.05,19.62
1715247458196,1715247458131950000,GATE,ETHUSDT,2964.7,52.67,2964.75,0.67,2964.8,12.24,2964.85,6.32,2964.9,2.69,2964.95,0.71,2965,15.4,2965.05,12.48,2965.1,0.51,2965.15,17.5,2964.65,10.43,2964.5,5.57,2964.45,17.88,2964.4,11.67,2964.3,42.3,2964.25,23.98,2964.2,10.69,2964.15,5.75,2964.1,5.71,2964.05,19.62
1715247458292,1715247458228206000,GATE,ETHUSDT,2964.7,51.24,2964.75,0.67,2964.8,12.24,2964.85,6.32,2964.9,2.69,2964.95,0.71,2965,15.45,2965.05,12.48,2965.1,0.51,2965.15,17.5,2964.65,1.73,2964.5,5.57,2964.45,17.88,2964.4,11.67,2964.35,0.05,2964.3,15.26,2964.25,27.74,2964.2,10.69,2964.15,5.65,2964.1,0.21
1715247458385,1715247458329948000,GATE,ETHUSDT,2964.7,51.24,2964.75,0.67,2964.8,12.24,2964.85,6.32,2964.9,2.72,2964.95,0.71,2965,15.45,2965.05,12.48,2965.1,0.51,2965.15,17.47,2964.65,2.45,2964.5,5.73,2964.45,17.88,2964.4,11.67,2964.3,15.26,2964.25,37.17,2964.2,10.69,2964.15,11.3,2964.1,0.21,2964.05,19.7
1715247458483,1715247458438133000,GATE,ETHUSDT,2964.7,51.24,2964.75,0.67,2964.8,12.24,2964.85,6.32,2964.9,2.72,2964.95,0.71,2965,15.45,2965.05,12.48,2965.1,0.51,2965.15,17.47,2964.65,2.45,2964.5,5.73,2964.45,17.88,2964.4,11.67,2964.3,20.91,2964.25,37.17,2964.2,10.69,2964.15,11.3,2964.1,2.21,2964.05,19.8
1715247458585,1715247458524503000,GATE,ETHUSDT,2964.7,51.24,2964.75,0.67,2964.8,12.24,2964.85,6.32,2964.9,11.92,2964.95,0.71,2965,15.45,2965.05,12.48,2965.1,0.51,2965.15,17.47,2964.65,1.15,2964.5,5.73,2964.45,17.88,2964.4,11.67,2964.3,15.26,2964.25,42.82,2964.2,10.69,2964.15,11.3,2964.1,2.21,2964.05,19.8
1715247458690,1715247458630009000,GATE,ETHUSDT,2964.7,60.44,2964.75,0.67,2964.8,12.24,2964.85,6.83,2964.9,11.92,2964.95,0.71,2965,15.45,2965.05,12.48,2965.1,0.51,2965.15,17.47,2964.65,2.38,2964.5,5.73,2964.45,17.88,2964.4,11.67,2964.3,20.91,2964.25,42.82,2964.2,10.69,2964.15,11.3,2964.1,2.21,2964.05,19.8
1715247458762,1715247458733273000,GATE,ETHUSDT,2964.7,60.44,2964.75,0.67,2964.8,12.24,2964.85,6.83,2964.9,11.92,2964.95,0.71,2965,15.45,2965.05,12.48,2965.1,0.51,2965.15,17.47,2964.65,2.38,2964.5,5.73,2964.45,18.88,2964.4,11.67,2964.3,20.91,2964.25,42.82,2964.2,10.69,2964.15,11.3,2964.1,2.21,2964.05,19.8
1715247458867,1715247458828495000,GATE,ETHUSDT,2964.7,45.62,2964.75,0.67,2964.8,12.24,2964.85,1.33,2964.9,11.92,2964.95,0.71,2965,15.45,2965.05,12.48,2965.1,0.51,2965.15,17.47,2964.65,2.48,2964.5,5.73,2964.45,18.88,2964.4,11.67,2964.3,20.91,2964.25,42.82,2964.2,16.19,2964.15,11.3,2964.1,2.31,2964.05,19.7
1715247458998,1715247458939829000,GATE,ETHUSDT,2964.7,2.91,2964.8,12.24,2964.85,0.56,2964.9,2.72,2964.95,8.8,2965,8.95,2965.05,6.83,2965.1,0.51,2965.15,11.97,2965.2,6.57,2964.65,43.17,2964.5,11.28,2964.45,18.88,2964.4,11.67,2964.35,5.5,2964.3,29.45,2964.25,42.82,2964.2,16.19,2964.15,11.3,2964.1,2.31
1715247459096,1715247459038207000,GATE,ETHUSDT,2964.7,3.33,2964.8,12.24,2964.85,1.18,2964.95,0.71,2965,8.95,2965.05,6.83,2965.1,2.06,2965.15,11.87,2965.2,9.62,2965.25,18.07,2964.65,38.01,2964.5,5.72,2964.45,18.88,2964.4,11.67,2964.35,5.5,2964.3,29.55,2964.25,42.85,2964.2,16.19,2964.15,11.3,2964.1,2.21
1715247459193,1715247459132873000,GATE,ETHUSDT,2964.7,4.74,2964.8,12.24,2964.85,0.51,2964.95,0.71,2965,17.04,2965.05,6.83,2965.1,2.03,2965.15,21.58,2965.2,1.56,2965.25,8.36,2964.65,38.89,2964.5,5.62,2964.45,18.88,2964.4,11.67,2964.35,5.5,2964.3,29.55,2964.25,42.85,2964.2,16.19,2964.15,11.3,2964.1,2.21
1715247459292,1715247459229638000,GATE,ETHUSDT,2964.7,10.23,2964.75,0.67,2964.8,12.24,2964.85,1.18,2964.9,2.69,2964.95,0.71,2965,22.54,2965.05,6.83,2965.1,2.06,2965.15,21.58,2964.65,42.58,2964.5,5.62,2964.45,18.88,2964.4,11.67,2964.3,29.45,2964.25,42.95,2964.2,16.19,2964.15,11.3,2964.1,2.21,2964.05,19.62
1715247459398,1715247459331291000,GATE,ETHUSDT,2964.7,17.97,2964.75,0.67,2964.8,21.95,2964.85,9.27,2964.9,2.69,2964.95,0.71,2965,14.45,2965.05,6.83,2965.1,2.06,2965.15,11.87,2964.65,42.58,2964.5,5.72,2964.45,18.88,2964.4,11.67,2964.3,29.45,2964.25,42.95,2964.2,16.19,2964.15,11.3,2964.1,2.21,2964.05,19.62
1715247459492,1715247459429497000,GATE,ETHUSDT,2964.7,11.47,2964.8,11.12,2964.85,1.18,2964.9,2.69,2964.95,0.71,2965,8.95,2965.05,6.83,2965.1,10.15,2965.15,21.58,2965.2,1.53,2964.65,33.38,2964.5,5.57,2964.45,18.88,2964.4,11.67,2964.35,5.55,2964.3,29.45,2964.25,42.95,2964.2,16.19,2964.15,11.3,2964.1,2.21
1715247459583,1715247459528235000,GATE,ETHUSDT,2964.7,4.73,2964.75,0.67,2964.8,11.12,2964.85,1.18,2964.9,10.78,2964.95,11.54,2965,8.95,2965.05,6.83,2965.1,2.06,2965.15,11.87,2964.65,34.34,2964.5,5.57,2964.45,18.88,2964.4,11.67,2964.35,5.55,2964.3,29.45,2964.25,42.95,2964.2,16.19,2964.15,11.3,2964.1,2.21
1715247459686,1715247459635375000,GATE,ETHUSDT,2964.7,4.73,2964.75,0.67,2964.8,11.12,2964.85,10.38,2964.9,10.78,2964.95,11.54,2965,14.45,2965.05,6.83,2965.1,2.06,2965.15,11.87,2964.65,42.25,2964.55,9.2,2964.5,0.1,2964.45,9.68,2964.4,11.67,2964.35,0.05,2964.3,29.45,2964.25,42.95,2964.2,16.19,2964.15,11.3
1715247459764,1715247459735077000,GATE,ETHUSDT,2964.7,17.09,2964.75,0.67,2964.8,11.12,2964.85,10.38,2964.9,10.78,2964.95,11.54,2965,14.45,2965.05,6.83,2965.1,2.06,2965.15,11.87,2964.65,33.05,2964.55,9.2,2964.45,9.68,2964.4,11.67,2964.35,0.05,2964.3,29.45,2964.25,42.95,2964.2,16.19,2964.15,11.3,2964.1,2.21
1715247459892,1715247459839903000,GATE,ETHUSDT,2964.3,61.93,2964.35,4.06,2964.45,6.32,2964.55,0.85,2964.6,8.63,2964.65,50.23,2964.7,24.38,2964.75,18.7,2964.8,11.12,2964.85,15.37,2964.25,1.64,2964.2,0.03,2964.1,2.03,2964,2,2963.95,0.1,2963.85,22.9,2963.8,7.06,2963.75,17.47,2963.7,15.18,2963.65,12.33
1715247459997,1715247459939319000,GATE,ETHUSDT,2964.3,53.43,2964.35,3.39,2964.4,9.72,2964.45,2.04,2964.55,0.85,2964.6,5.55,2964.65,49.87,2964.7,23.15,2964.75,18.7,2964.8,11.12,2964.25,4.34,2964.2,0.03,2964.1,2,2964,12.72,2963.95,0.1,2963.9,15.06,2963.85,43.26,2963.8,59.19,2963.75,17.11,2963.7,11.42
1715247460097,1715247460031248000,GATE,ETHUSDT,2964.3,44.53,2964.35,3.39,2964.4,9.72,2964.45,10.14,2964.5,0.03,2964.55,0.85,2964.6,5.55,2964.65,49.87,2964.7,28.19,2964.75,18.7,2964.25,4.34,2964.2,0.03,2964.1,2,2964.05,7.59,2964,12.72,2963.95,20.34,2963.9,36.39,2963.85,43.26,2963.8,34.08,2963.75,17.11
1715247460200,1715247460135457000,GATE,ETHUSDT,2964.3,26.83,2964.35,3.39,2964.45,1.94,2964.5,0.03,2964.55,0.85,2964.6,13.64,2964.65,49.87,2964.7,25.01,2964.75,18.7,2964.8,17.34,2964.25,18.75,2964.2,0.03,2964.1,2,2964.05,7.59,2964,12.72,2963.95,20.34,2963.9,36.39,2963.85,43.36,2963.8,34.08,2963.75,17.11
1715247460290,1715247460229503000,GATE,ETHUSDT,2964.45,1.92,2964.6,0.05,2964.7,15.2,2964.75,14.82,2964.8,11.12,2964.85,22.24,2964.9,2.69,2964.95,17.44,2965,8.98,2965.05,6.32,2964.4,48.09,2964.35,19.1,2964.3,25.88,2964.25,13.49,2964.2,0.03,2964.15,4.52,2964.1,7.5,2964.05,32.09,2964,2,2963.95,18.49
1715247460391,1715247460330657000,GATE,ETHUSDT,2964.45,17.36,2964.55,8.09,2964.6,0.05,2964.65,9.71,2964.7,15.17,2964.75,12.9,2964.8,12.14,2964.85,14.6,2964.9,3.2,2964.95,8.7,2964.4,42.4,2964.35,19.1,2964.3,20.38,2964.25,12.49,2964.1,16.73,2964.05,41.42,2964,2.13,2963.95,12.41,2963.9,11.28,2963.85,36.81
1715247460500,1715247460436073000,GATE,ETHUSDT,2964.45,16.24,2964.55,8.76,2964.6,0.05,2964.65,10.38,2964.7,16.29,2964.75,12.9,2964.8,12.14,2964.85,14.6,2964.9,3.2,2964.95,8.7,2964.4,40.79,2964.35,19.1,2964.3,20.38,2964.25,11.29,2964.1,16.73,2964.05,41.42,2964,2.13,2963.95,12.41,2963.9,11.28,2963.85,36.81
1715247460587,1715247460526042000,GATE,ETHUSDT,2964.45,18.22,2964.55,8.76,2964.6,5.55,2964.65,10.38,2964.7,16.29,2964.75,12.9,2964.8,12.14,2964.85,14.6,2964.9,8.84,2964.95,8.7,2964.4,40.79,2964.35,10.82,2964.3,20.38,2964.25,11.29,2964.1,16.73,2964.05,41.42,2964,2.13,2963.95,6.91,2963.9,11.28,2963.85,36.81
1715247460681,1715247460629640000,GATE,ETHUSDT,2964.45,27.42,2964.5,9.2,2964.55,8.76,2964.6,5.55,2964.65,10.38,2964.7,16.29,2964.75,12.9,2964.8,12.14,2964.85,14.6,2964.9,8.84,2964.4,40.79,2964.35,10.82,2964.3,20.38,2964.25,11.29,2964.1,16.73,2964.05,41.42,2964,2.13,2963.95,6.91,2963.9,11.28,2963.85,36.81
1715247460788,1715247460731282000,GATE,ETHUSDT,2964.45,18.22,2964.5,9.2,2964.55,8.76,2964.6,5.55,2964.65,10.38,2964.7,16.29,2964.75,12.9,2964.8,17.78,2964.85,14.6,2964.9,8.84,2964.4,40.79,2964.35,10.82,2964.3,20.38,2964.25,11.29,2964.1,16.73,2964.05,41.42,2964,2.13,2963.95,6.91,2963.9,11.28,2963.85,36.81
1715247460889,1715247460825355000,GATE,ETHUSDT,2964.45,18.89,2964.5,9.2,2964.55,8.76,2964.6,5.55,2964.65,10.38,2964.7,16.29,2964.75,12.9,2964.8,17.78,2964.85,14.6,2964.9,8.84,2964.4,31.59,2964.3,11.18,2964.25,11.19,2964.1,16.73,2964.05,41.42,2964,2.13,2963.95,6.91,2963.9,11.28,2963.85,36.81,2963.8,25.69
1715247460998,1715247460932155000,GATE,ETHUSDT,2964.45,18.89,2964.5,9.2,2964.55,8.76,2964.6,0.05,2964.65,10.38,2964.7,16.29,2964.75,12.9,2964.8,17.78,2964.85,14.6,2964.9,8.84,2964.4,32.45,2964.3,11.18,2964.25,11.19,2964.1,16.73,2964.05,41.42,2964,2.13,2963.95,6.91,2963.9,11.28,2963.85,22.9,2963.8,25.69
1715247461094,1715247461029389000,GATE,ETHUSDT,2964.45,9.6,2964.6,8.14,2964.65,10.38,2964.7,16.29,2964.75,12.9,2964.8,17.78,2964.85,14.6,2964.9,8.84,2964.95,8.7,2965,15.86,2964.4,32.45,2964.3,11.18,2964.25,11.19,2964.1,16.73,2964.05,41.42,2964,2.13,2963.95,12.41,2963.9,11.28,2963.85,22.9,2963.8,25.69
1715247461187,1715247461162072000,GATE,ETHUSDT,2964.45,8.62,2964.6,0.05,2964.65,2.57,2964.7,22.48,2964.75,7.4,2964.8,21.85,2964.85,14.6,2964.9,8.84,2964.95,8.7,2965,15.86,2964.4,33.38,2964.3,11.18,2964.25,11.19,2964.1,22.23,2964.05,41.42,2964,2.03,2963.95,12.51,2963.9,11.28,2963.85,22.9,2963.8,25.69
1715247461288,1715247461227494000,GATE,ETHUSDT,2964.45,0.95,2964.7,13.27,2964.75,7.4,2964.8,20.23,2964.85,12.45,2964.9,3.2,2964.95,8.7,2965,15.86,2965.05,11.41,2965.1,16.15,2964.4,50.03,2964.3,14.23,2964.25,11.29,2964.1,22.23,2964.05,41.42,2964,2.03,2963.95,12.51,2963.9,11.28,2963.85,22.9,2963.8,25.69
1715247461380,1715247461325143000,GATE,ETHUSDT,2964.45,1.17,2964.7,14.39,2964.75,7.4,2964.8,12.14,2964.85,10.83,2964.9,12.91,2964.95,8.7,2965,10.22,2965.05,11.41,2965.1,16.15,2964.4,50.75,2964.3,14.23,2964.25,16.79,2964.1,22.23,2964.05,41.42,2964,2.03,2963.95,12.51,2963.9,11.28,2963.85,22.9,2963.8,25.69
1715247461498,1715247461440239000,GATE,ETHUSDT,2964.45,27.22,2964.55,0.67,2964.6,5.5,2964.65,0.67,2964.7,16.29,2964.75,12.9,2964.8,17.78,2964.85,8.38,2964.9,8.84,2964.95,8.7,2964.4,16.16,2964.3,17.66,2964.25,11.19,2964.1,25.01,2964.05,41.42,2964,2.03,2963.95,7.01,2963.9,11.28,2963.85,22.9,2963.8,25.69
1715247461593,1715247461526700000,GATE,ETHUSDT,2964.45,11.29,2964.55,0.67,2964.6,0.05,2964.65,8.76,2964.7,26,2964.75,12.95,2964.8,17.78,2964.85,8.38,2964.9,8.84,2964.95,8.7,2964.4,20.08,2964.3,17.66,2964.25,11.19,2964.1,25.01,2964.05,41.42,2964,2.03,2963.95,12.51,2963.9,11.28,2963.85,22.9,2963.8,25.69
1715247461698,1715247461635372000,GATE,ETHUSDT,2964.45,49.74,2964.55,0.67,2964.6,14.75,2964.65,0.67,2964.7,16.29,2964.75,12.9,2964.8,17.78,2964.85,8.38,2964.9,8.84,2964.95,8.7,2964.4,11.05,2964.3,17.42,2964.25,11.19,2964.1,25.01,2964.05,41.42,2964,2.03,2963.95,7.01,2963.9,11.28,2963.85,22.9,2963.8,25.69
1715247461792,1715247461729830000,GATE,ETHUSDT,2964.45,57.24,2964.55,0.67,2964.6,14.85,2964.65,1.07,2964.7,14.39,2964.75,17.94,2964.8,17.78,2964.85,8.38,2964.9,8.84,2964.95,8.7,2964.4,0.61,2964.25,11.19,2964.1,2,2964.05,1.22,2964,2.03,2963.95,12.81,2963.9,30.73,2963.85,22.9,2963.8,17.5,2963.75,27.74
1715247461890,1715247461832155000,GATE,ETHUSDT,2964.45,42.45,2964.55,0.67,2964.6,5.68,2964.65,0.67,2964.7,14.39,2964.75,17.94,2964.8,17.78,2964.85,8.35,2964.9,8.84,2964.95,8.8,2964.4,4.64,2964.25,11.19,2964.1,20.17,2964.05,21.33,2964,17.04,2963.95,26.4,2963.9,17.44,2963.85,22.9,2963.8,25.69,2963.75,27.74
1715247461980,1715247461929050000,GATE,ETHUSDT,2964.45,42.36,2964.55,0.67,2964.6,0.15,2964.65,0.67,2964.7,14.39,2964.75,17.94,2964.8,17.78,2964.85,8.38,2964.9,8.84,2964.95,8.8,2964.4,4.83,2964.3,6.01,2964.25,11.19,2964.1,14.12,2964.05,21.33,2964,17.04,2963.95,16.31,2963.9,31.27,2963.85,22.9,2963.8,25.69
1715247462071,1715247462023838000,GATE,ETHUSDT,2964.45,15.22,2964.5,8.1,2964.55,10.38,2964.6,0.05,2964.65,0.67,2964.7,14.39,2964.75,12.9,2964.8,17.78,2964.85,8.38,2964.9,8.84,2964.4,4.83,2964.3,6.01,2964.25,11.19,2964.1,14.12,2964.05,21.33,2964,17.04,2963.95,16.31,2963.9,31.27,2963.85,22.9,2963.8,25.69
1715247462190,1715247462126607000,GATE,ETHUSDT,2964.45,24.42,2964.5,8.1,2964.55,10.38,2964.6,0.05,2964.65,0.67,2964.7,14.39,2964.75,12.9,2964.8,17.78,2964.85,8.38,2964.9,8.84,2964.4,4.67,2964.3,6.01,2964.25,11.19,2964.1,14.12,2964.05,21.33,2964,17.04,2963.95,16.28,2963.9,31.27,2963.85,22.9,2963.8,25.69
1715247462293,1715247462231402000,GATE,ETHUSDT,2964.45,2.4,2964.7,12.27,2964.75,0.67,2964.8,11.12,2964.85,1.72,2964.9,12.4,2964.95,0.71,2965,8.23,2965.05,0.72,2965.1,13.77,2964.4,51.56,2964.3,9.31,2964.25,21.73,2964.2,10.58,2964.1,25.94,2964.05,21.33,2964,25.03,2963.95,16.21,2963.9,19.77,2963.85,22.9
1715247462391,1715247462331534000,GATE,ETHUSDT,2964.45,2.67,2964.5,0.02,2964.7,12.27,2964.75,0.72,2964.8,11.12,2964.85,1.21,2964.9,11.9,2964.95,0.71,2965,5.64,2965.05,15.93,2964.4,50.88,2964.3,9.31,2964.25,21.83,2964.2,10.68,2964.1,13.72,2964.05,25.37,2964,17.04,2963.95,11.17,2963.9,19.77,2963.85,23.2
1715247462498,1715247462434491000,GATE,ETHUSDT,2964.45,10.85,2964.5,0.02,2964.55,0.67,2964.65,0.67,2964.7,12.27,2964.75,0.72,2964.8,11.12,2964.85,1.18,2964.9,32.75,2964.95,0.71,2964.4,19.38,2964.25,11.29,2964.2,10.61,2964.15,0.1,2964.1,13.72,2964.05,25.61,2964,23.26,2963.95,12.26,2963.9,19.77,2963.85,34.89
1715247462591,1715247462532527000,GATE,ETHUSDT,2964.45,18.28,2964.5,0.02,2964.55,0.67,2964.65,8.76,2964.7,14.17,2964.75,6.22,2964.8,26.47,2964.85,1.18,2964.9,20.59,2964.95,0.71,2964.4,19.25,2964.25,11.19,2964.2,10.61,2964.1,8.22,2964.05,25.61,2964,23.26,2963.95,12.26,2963.9,24.81,2963.85,34.99,2963.8,19.47
1715247462696,1715247462635780000,GATE,ETHUSDT,2964.45,18.28,2964.5,0.02,2964.55,0.67,2964.6,9.25,2964.65,8.76,2964.7,14.17,2964.75,6.25,2964.8,26.47,2964.85,1.18,2964.9,20.59,2964.4,29.29,2964.3,15.98,2964.25,11.19,2964.2,10.58,2964.1,8.22,2964.05,25.61,2964,23.26,2963.95,12.26,2963.9,24.84,2963.85,34.99
1715247462793,1715247462738123000,GATE,ETHUSDT,2964.45,10.89,2964.5,0.02,2964.55,0.67,2964.6,9.25,2964.65,8.76,2964.7,14.17,2964.75,6.25,2964.8,26.47,2964.85,1.18,2964.9,20.59,2964.4,30.29,2964.3,15.98,2964.25,11.19,2964.2,10.58,2964.1,8.22,2964.05,25.61,2964,23.26,2963.95,12.26,2963.9,24.84,2963.85,34.99
1715247462875,1715247462825979000,GATE,ETHUSDT,2964.45,10.89,2964.5,0.02,2964.55,0.67,2964.6,9.25,2964.65,8.76,2964.7,14.17,2964.75,6.25,2964.8,26.47,2964.85,1.18,2964.9,20.59,2964.4,30.29,2964.3,15.98,2964.25,11.19,2964.2,10.58,2964.1,8.22,2964.05,25.61,2964,23.26,2963.95,12.26,2963.9,24.84,2963.85,34.99
1715247462991,1715247462934532000,GATE,ETHUSDT,2964.45,10.89,2964.5,0.02,2964.55,0.67,2964.6,9.25,2964.65,8.76,2964.7,14.17,2964.75,6.25,2964.8,32.11,2964.85,1.18,2964.9,20.59,2964.4,30.29,2964.3,15.98,2964.25,11.19,2964.2,10.58,2964.1,8.22,2964.05,25.61,2964,23.26,2963.95,12.26,2963.9,24.94,2963.85,34.89
1715247463092,1715247463031959000,GATE,ETHUSDT,2964.45,17.12,2964.5,0.02,2964.55,8.76,2964.6,18.96,2964.65,0.67,2964.7,14.17,2964.75,6.25,2964.8,22.4,2964.85,1.18,2964.9,20.59,2964.4,19.41,2964.3,15.98,2964.25,11.19,2964.2,10.58,2964.1,8.22,2964.05,25.61,2964,23.26,2963.95,6.76,2963.9,24.94,2963.85,34.89
1715247463193,1715247463132698000,GATE,ETHUSDT,2964.45,51.04,2964.5,0.02,2964.55,0.67,2964.6,14.85,2964.65,0.67,2964.7,12.27,2964.75,6.25,2964.8,22.4,2964.85,1.18,2964.9,20.59,2964.4,1.77,2964.25,11.19,2964.2,10.58,2964.1,2,2964,2,2963.95,0.01,2963.9,33.93,2963.85,22.9,2963.8,24.25,2963.75,17.21
1715247463306,1715247463239346000,GATE,ETHUSDT,2964.45,50.84,2964.5,0.02,2964.55,1.02,2964.6,14.88,2964.65,1.18,2964.7,12.78,2964.75,7.75,2964.8,22.91,2964.85,6.89,2964.9,20.59,2964.4,1.77,2964.25,11.19,2964.2,10.58,2964.1,2,2964.05,1.24,2964,2,2963.95,0.01,2963.9,18.87,2963.85,22.9,2963.8,19.7
1715247463392,1715247463327159000,GATE,ETHUSDT,2964.45,50.84,2964.5,0.02,2964.55,1.02,2964.6,14.88,2964.65,1.18,2964.7,12.78,2964.75,7.75,2964.8,22.91,2964.85,6.89,2964.9,20.59,2964.4,1.77,2964.25,11.19,2964.2,10.58,2964.1,2,2964.05,1.24,2964,2,2963.95,0.01,2963.9,18.87,2963.85,22.9,2963.8,30.1
1715247463492,1715247463427736000,GATE,ETHUSDT,2964.45,65.1,2964.5,0.02,2964.55,1.02,2964.6,14.88,2964.65,1.18,2964.7,12.78,2964.75,7.75,2964.8,22.91,2964.85,6.89,2964.9,20.59,2964.4,1.75,2964.25,11.19,2964.2,10.58,2964.1,2,2964.05,1.24,2964,2,2963.95,0.01,2963.9,18.87,2963.85,22.9,2963.8,5.65
1715247463594,1715247463529454000,GATE,ETHUSDT,2964.45,65.1,2964.5,0.02,2964.55,1.02,2964.6,14.88,2964.65,1.18,2964.7,12.78,2964.75,7.75,2964.8,22.91,2964.85,6.89,2964.9,20.59,2964.4,2.7,2964.25,11.19,2964.2,10.58,2964.1,2,2964.05,1.24,2964,2,2963.95,0.01,2963.9,18.87,2963.85,22.9,2963.8,5.65
1715247463689,1715247463630497000,GATE,ETHUSDT,2964.45,59.6,2964.5,0.02,2964.55,10.22,2964.6,14.88,2964.65,1.18,2964.7,13.29,2964.75,7.75,2964.8,22.91,2964.85,6.89,2964.9,20.59,2964.4,2.75,2964.25,11.19,2964.2,10.58,2964.1,2,2964.05,1.24,2964,2,2963.95,0.01,2963.9,18.87,2963.85,22.9,2963.8,23.74
1715247463792,1715247463736016000,GATE,ETHUSDT,2964.45,59.6,2964.5,0.02,2964.55,10.22,2964.6,14.88,2964.65,1.18,2964.7,13.29,2964.75,7.75,2964.8,22.91,2964.85,6.89,2964.9,20.59,2964.4,2.75,2964.25,11.19,2964.2,10.58,2964.1,2,2964.05,1.24,2964,2,2963.95,5.65,2963.9,18.87,2963.85,22.9,2963.8,31.2
1715247463897,1715247463833239000,GATE,ETHUSDT,2964.45,59.6,2964.5,0.02,2964.55,10.22,2964.6,14.88,2964.65,1.18,2964.7,13.29,2964.75,8.26,2964.8,22.91,2964.85,6.89,2964.9,20.59,2964.4,2.75,2964.25,11.19,2964.2,10.58,2964.1,2,2964.05,1.24,2964,2,2963.95,5.65,2963.9,18.87,2963.85,32.32,2963.8,33.89
1715247463989,1715247463931705000,GATE,ETHUSDT,2964.45,63.35,2964.5,0.02,2964.55,10.22,2964.6,9.38,2964.65,1.18,2964.7,13.29,2964.75,8.26,2964.8,22.91,2964.85,6.89,2964.9,20.59,2964.4,13.06,2964.25,11.19,2964.2,10.58,2964.1,2,2964.05,1.24,2964,2,2963.95,5.65,2963.9,31.79,2963.85,47.36,2963.8,31.2
1715247464099,1715247464036951000,GATE,ETHUSDT,2964.45,43.42,2964.5,0.02,2964.55,10.38,2964.6,11.93,2964.65,1.69,2964.7,13.29,2964.75,8.26,2964.8,22.91,2964.85,6.89,2964.9,20.59,2964.4,13.06,2964.25,12.44,2964.2,10.58,2964.1,18.69,2964.05,30.1,2964,2.1,2963.95,16.79,2963.9,31.79,2963.85,28.54,2963.8,26.43
1715247464178,1715247464134166000,GATE,ETHUSDT,2964.45,48.96,2964.5,0.02,2964.55,10.38,2964.6,11.93,2964.65,1.69,2964.7,13.29,2964.75,8.26,2964.8,22.91,2964.85,6.89,2964.9,20.59,2964.4,2.87,2964.25,11.92,2964.2,10.58,2964.1,18.69,2964.05,30.1,2964,2.1,2963.95,16.79,2963.9,18.87,2963.85,28.54,2963.8,23.74
1715247464289,1715247464226728000,GATE,ETHUSDT,2964.45,48.96,2964.5,0.02,2964.55,10.38,2964.6,11.93,2964.65,1.69,2964.7,13.29,2964.75,8.26,2964.8,22.91,2964.85,6.89,2964.9,20.59,2964.4,2.87,2964.25,11.92,2964.2,10.58,2964.1,18.69,2964.05,30.1,2964,2.1,2963.95,16.79,2963.9,18.87,2963.85,28.54,2963.8,23.74
1715247464387,1715247464331390000,GATE,ETHUSDT,2964.45,48.96,2964.5,0.02,2964.55,10.38,2964.6,17.43,2964.65,1.69,2964.7,13.29,2964.75,8.26,2964.8,22.91,2964.85,6.89,2964.9,20.59,2964.4,2.75,2964.25,12.87,2964.2,10.58,2964.1,18.69,2964.05,30.1,2964,2.1,2963.95,11.29,2963.9,18.87,2963.85,28.54,2963.8,23.74
1715247464492,1715247464445744000,GATE,ETHUSDT,2964.45,48.96,2964.5,0.02,2964.55,10.38,2964.6,17.43,2964.65,1.69,2964.7,13.29,2964.75,8.26,2964.8,22.91,2964.85,6.89,2964.9,20.59,2964.4,2.75,2964.25,11.19,2964.2,10.58,2964.1,18.69,2964.05,30.1,2964,2.1,2963.95,11.29,2963.9,18.87,2963.85,28.54,2963.8,20.93
1715247464600,1715247464535997000,GATE,ETHUSDT,2964.45,63.66,2964.5,9.22,2964.55,10.38,2964.6,17.43,2964.65,1.69,2964.7,13.29,2964.75,8.26,2964.8,22.91,2964.85,6.89,2964.9,20.59,2964.4,1.75,2964.25,11.19,2964.2,10.58,2964.1,2,2964.05,1.3,2964,2,2963.95,11.39,2963.9,37.68,2963.85,28.54,2963.8,20.93
1715247464694,1715247464642757000,GATE,ETHUSDT,2964.45,22.8,2964.5,0.02,2964.55,1.18,2964.6,2.73,2964.65,1.69,2964.7,13.29,2964.75,2.76,2964.8,17.27,2964.85,6.89,2964.9,14.95,2964.4,25.42,2964.25,17.61,2964.2,10.58,2964.1,2,2964.05,16.33,2964,9.99,2963.95,16.89,2963.9,43.32,2963.85,28.54,2963.8,26.43
1715247464796,1715247464730888000,GATE,ETHUSDT,2964.45,3.68,2964.5,0.02,2964.55,0.51,2964.6,2.55,2964.65,1.18,2964.7,12.27,2964.75,10.94,2964.8,16.76,2964.85,6.89,2964.9,14.95,2964.4,26.69,2964.25,17.61,2964.2,10.58,2964.15,0.1,2964.1,20.26,2964.05,30.09,2964,2,2963.95,16.79,2963.9,24.51,2963.85,28.54
1715247464857,1715247464832161000,GATE,ETHUSDT,2964.45,3.32,2964.5,0.02,2964.55,0.51,2964.6,10.69,2964.65,1.18,2964.7,12.27,2964.75,10.97,2964.8,16.76,2964.85,6.89,2964.9,14.95,2964.4,35.31,2964.25,17.61,2964.2,10.58,2964.1,20.36,2964.05,30.09,2964,2,2963.95,16.79,2963.9,24.54,2963.85,28.54,2963.8,26.43
1715247464963,1715247464935578000,GATE,ETHUSDT,2964.45,3.32,2964.5,0.02,2964.55,0.51,2964.6,10.69,2964.65,1.18,2964.7,12.27,2964.75,10.97,2964.8,16.76,2964.85,6.89,2964.9,14.95,2964.4,35.31,2964.25,17.61,2964.2,10.58,2964.1,20.36,2964.05,30.09,2964,2,2963.95,16.79,2963.9,24.54,2963.85,28.54,2963.8,26.43
1715247465101,1715247465035070000,GATE,ETHUSDT,2964.45,1.82,2964.5,0.02,2964.55,0.51,2964.6,2.6,2964.65,1.18,2964.7,30.07,2964.75,1.26,2964.8,16.76,2964.85,6.89,2964.9,14.95,2964.4,35.31,2964.25,17.61,2964.2,10.58,2964.1,20.36,2964.05,30.09,2964,2,2963.95,16.79,2963.9,24.54,2963.85,28.54,2963.8,26.43
1715247465196,1715247465133130000,GATE,ETHUSDT,2964.45,1.82,2964.5,0.02,2964.55,0.51,2964.6,2.55,2964.65,10.38,2964.7,12.27,2964.75,9.3,2964.8,26.47,2964.85,6.89,2964.9,14.95,2964.4,41.53,2964.3,9.2,2964.25,17.71,2964.2,10.58,2964.1,20.26,2964.05,30.19,2964,2,2963.95,16.79,2963.9,24.54,2963.85,28.84
1715247465294,1715247465230196000,GATE,ETHUSDT,2964.45,8.92,2964.5,0.02,2964.55,0.51,2964.6,2.6,2964.65,18.47,2964.7,21.98,2964.75,6.71,2964.8,16.76,2964.85,6.89,2964.9,14.95,2964.4,36.03,2964.3,9.2,2964.25,17.61,2964.2,10.58,2964.1,14.76,2964.05,30.19,2964,2,2963.95,16.79,2963.9,24.54,2963.85,28.84
1715247465396,1715247465331365000,GATE,ETHUSDT,2964.45,23.05,2964.5,0.02,2964.55,1.18,2964.6,2.6,2964.65,18.47,2964.7,21.98,2964.75,6.71,2964.8,16.76,2964.85,6.89,2964.9,14.95,2964.4,36.03,2964.3,9.2,2964.25,17.61,2964.2,10.58,2964.1,14.76,2964.05,30.19,2964,2,2963.95,16.79,2963.9,24.54,2963.85,28.84
