timestamp,local_timestamp,exchange,symbol,ask_1_price,ask_1_qty,ask_2_price,ask_2_qty,ask_3_price,ask_3_qty,ask_4_price,ask_4_qty,ask_5_price,ask_5_qty,ask_6_price,ask_6_qty,ask_7_price,ask_7_qty,ask_8_price,ask_8_qty,ask_9_price,ask_9_qty,ask_10_price,ask_10_qty,bid_1_price,bid_1_qty,bid_2_price,bid_2_qty,bid_3_price,bid_3_qty,bid_4_price,bid_4_qty,bid_5_price,bid_5_qty,bid_6_price,bid_6_qty,bid_7_price,bid_7_qty,bid_8_price,bid_8_qty,bid_9_price,bid_9_qty,bid_10_price,bid_10_qty
1715247432760,1715247432710130000,GATE,SOLUSDT,141.914,1,141.92,69,141.925,5,141.926,1,141.93,4,141.931,25,141.932,44,141.933,27,141.937,3,141.941,6,141.902,3,141.901,3,141.88,14,141.879,8,141.87,8,141.865,3,141.862,14,141.859,2,141.858,3,141.852,2
1715247432881,1715247432818845000,GATE,SOLUSDT,141.902,28,141.905,11,141.913,17,141.917,4,141.919,3,141.921,15,141.925,4,141.926,5,141.929,4,141.93,4,141.901,3,141.893,11,141.892,14,141.87,8,141.868,15,141.865,3,141.863,17,141.862,14,141.859,2,141.858,3
1715247432964,1715247432900630000,GATE,SOLUSDT,141.902,28,141.905,11,141.917,4,141.919,3,141.924,14,141.925,4,141.926,4,141.929,4,141.931,15,141.932,40,141.901,3,141.893,3,141.892,14,141.885,10,141.884,15,141.873,4,141.87,8,141.869,15,141.868,15,141.865,3
1715247433074,1715247433021995000,GATE,SOLUSDT,141.913,11,141.916,1,141.925,3,141.928,1,141.929,4,141.932,25,141.933,11,141.935,14,141.936,36,141.937,3,141.912,10,141.906,3,141.905,1,141.901,3,141.898,16,141.885,15,141.884,15,141.875,14,141.865,3,141.859,2
1715247433157,1715247433227535000,GATE,SOLUSDT,141.932,10,141.94,1,141.952,11,141.953,15,141.954,28,141.959,11,141.96,1,141.961,3,141.962,11,141.963,2,141.928,4,141.927,20,141.926,8,141.925,3,141.915,16,141.914,18,141.913,7,141.908,10,141.907,14,141.905,14
1715247433271,1715247433227795000,GATE,SOLUSDT,141.891,3,141.892,1,141.913,15,141.918,8,141.922,83,141.925,64,141.926,4,141.927,1,141.928,18,141.931,26,141.861,13,141.86,21,141.859,13,141.849,20,141.848,4,141.835,15,141.834,5,141.832,4,141.827,11,141.826,11
1715247433365,1715247433303888000,GATE,SOLUSDT,141.911,4,141.912,3,141.92,11,141.921,1,141.927,1,141.928,11,141.93,7,141.931,1,141.932,10,141.936,27,141.877,7,141.874,11,141.873,11,141.868,4,141.867,4,141.866,11,141.865,3,141.862,13,141.86,30,141.85,11
1715247433460,1715247433398720000,GATE,SOLUSDT,141.923,4,141.927,3,141.928,11,141.93,7,141.932,10,141.935,2,141.937,3,141.94,11,141.945,1,141.947,4,141.891,4,141.89,3,141.889,3,141.886,29,141.885,22,141.884,11,141.879,15,141.878,25,141.877,3,141.87,8
1715247433568,1715247433506269000,GATE,SOLUSDT,141.93,7,141.932,10,141.935,1,141.94,11,141.947,1,141.949,3,141.95,1,141.952,11,141.953,15,141.958,69,141.903,11,141.902,4,141.901,3,141.899,30,141.898,26,141.895,4,141.892,13,141.889,3,141.886,14,141.885,15
1715247433669,1715247433615201000,GATE,SOLUSDT,141.946,1,141.947,4,141.953,11,141.96,2,141.962,11,141.965,69,141.969,11,141.97,1,141.973,3,141.975,1,141.945,4,141.944,10,141.94,3,141.937,3,141.915,11,141.914,16,141.913,3,141.91,2,141.909,4,141.902,4
1715247433755,1715247433697886000,GATE,SOLUSDT,141.946,1,141.947,4,141.953,11,141.96,2,141.962,24,141.965,69,141.968,8,141.969,11,141.97,1,141.972,4,141.945,4,141.944,10,141.94,3,141.937,3,141.934,14,141.933,10,141.925,18,141.924,15,141.915,11,141.914,16
1715247433861,1715247433799918000,GATE,SOLUSDT,141.946,1,141.947,1,141.952,3,141.953,11,141.96,6,141.961,3,141.962,24,141.965,69,141.968,8,141.969,11,141.945,9,141.94,3,141.937,3,141.934,14,141.933,10,141.925,18,141.924,15,141.915,11,141.914,5,141.913,3
1715247433965,1715247433905131000,GATE,SOLUSDT,141.947,1,141.953,11,141.959,1,141.96,6,141.962,24,141.965,69,141.968,8,141.969,11,141.97,1,141.973,3,141.946,12,141.94,2,141.937,3,141.934,14,141.933,10,141.925,18,141.924,15,141.922,13,141.914,5,141.913,3
1715247434075,1715247434021020000,GATE,SOLUSDT,141.942,2,141.943,4,141.944,12,141.946,9,141.947,26,141.949,3,141.952,14,141.953,11,141.958,14,141.959,1,141.941,1,141.937,3,141.925,3,141.924,15,141.922,13,141.913,3,141.908,16,141.907,15,141.901,3,141.899,17
1715247434159,1715247434103312000,GATE,SOLUSDT,141.943,4,141.944,12,141.946,6,141.947,9,141.949,3,141.953,11,141.954,61,141.958,12,141.959,1,141.96,5,141.941,6,141.937,3,141.929,15,141.925,3,141.924,15,141.923,6,141.922,13,141.913,3,141.908,9,141.907,15
1715247434250,1715247434194173000,GATE,SOLUSDT,141.944,1,141.946,6,141.947,9,141.951,4,141.953,11,141.954,61,141.959,1,141.96,1,141.961,5,141.962,11,141.943,6,141.937,3,141.93,10,141.929,15,141.925,23,141.924,15,141.922,13,141.913,3,141.908,9,141.907,15
1715247434372,1715247434314939000,GATE,SOLUSDT,141.944,1,141.946,6,141.947,9,141.951,4,141.953,11,141.954,61,141.959,1,141.96,1,141.961,5,141.962,11,141.943,6,141.937,6,141.93,10,141.929,15,141.925,20,141.924,15,141.922,13,141.913,3,141.908,9,141.907,15
1715247434461,1715247434402259000,GATE,SOLUSDT,141.942,1,141.943,8,141.944,13,141.945,11,141.946,6,141.947,9,141.949,3,141.951,4,141.953,11,141.954,61,141.938,1,141.937,3,141.931,3,141.929,15,141.924,15,141.922,13,141.913,3,141.908,9,141.907,15,141.901,3
1715247434545,1715247434502400000,GATE,SOLUSDT,141.942,1,141.943,4,141.944,12,141.946,6,141.947,9,141.949,3,141.951,4,141.953,11,141.954,62,141.957,11,141.94,1,141.939,5,141.937,3,141.931,3,141.929,15,141.925,18,141.924,15,141.922,13,141.913,3,141.908,9
1715247434660,1715247434602685000,GATE,SOLUSDT,141.941,1,141.942,1,141.944,12,141.946,6,141.947,9,141.949,3,141.951,4,141.953,11,141.954,62,141.956,1,141.94,2,141.937,3,141.931,3,141.929,15,141.925,18,141.924,15,141.922,13,141.913,3,141.908,9,141.907,15
1715247434765,1715247434705646000,GATE,SOLUSDT,141.943,1,141.944,12,141.946,6,141.947,9,141.951,4,141.953,11,141.954,62,141.957,11,141.96,1,141.961,5,141.94,2,141.937,3,141.931,3,141.929,15,141.925,18,141.924,15,141.922,13,141.913,3,141.908,9,141.907,15
1715247434848,1715247434808087000,GATE,SOLUSDT,141.943,3,141.944,12,141.946,6,141.947,9,141.951,4,141.953,11,141.954,62,141.957,11,141.96,1,141.961,5,141.94,2,141.937,3,141.931,3,141.929,15,141.925,18,141.924,15,141.922,13,141.913,3,141.908,9,141.907,15
1715247434957,1715247434904599000,GATE,SOLUSDT,141.943,1,141.944,12,141.946,6,141.947,9,141.951,4,141.953,12,141.954,62,141.957,11,141.96,1,141.961,5,141.94,2,141.937,3,141.931,3,141.929,15,141.925,21,141.924,15,141.922,13,141.913,3,141.908,9,141.907,15
1715247435070,1715247435007407000,GATE,SOLUSDT,141.941,1,141.942,5,141.944,12,141.946,8,141.947,9,141.948,1,141.949,3,141.95,11,141.951,4,141.953,12,141.94,1,141.937,3,141.931,3,141.929,15,141.925,21,141.924,15,141.922,13,141.913,3,141.908,9,141.907,15
1715247435168,1715247435108583000,GATE,SOLUSDT,141.942,1,141.944,12,141.946,8,141.947,9,141.951,4,141.953,12,141.954,61,141.958,11,141.959,1,141.96,1,141.94,3,141.937,3,141.931,3,141.93,15,141.929,15,141.925,21,141.924,15,141.922,13,141.913,3,141.908,9
1715247435226,1715247435198234000,GATE,SOLUSDT,141.942,1,141.944,12,141.946,8,141.947,9,141.951,4,141.953,11,141.954,61,141.957,1,141.958,11,141.959,1,141.94,2,141.937,3,141.931,3,141.93,16,141.929,15,141.925,21,141.924,15,141.922,13,141.913,3,141.908,9
1715247435355,1715247435301534000,GATE,SOLUSDT,141.946,6,141.947,9,141.952,11,141.96,1,141.961,2,141.962,11,141.968,11,141.969,36,141.972,1,141.973,3,141.945,20,141.944,15,141.943,4,141.942,6,141.941,6,141.94,1,141.937,3,141.93,10,141.929,15,141.925,21
1715247435459,1715247435403572000,GATE,SOLUSDT,141.946,6,141.947,9,141.952,11,141.96,2,141.961,5,141.962,11,141.967,69,141.968,11,141.969,36,141.972,1,141.945,4,141.944,1,141.943,4,141.942,4,141.941,6,141.94,1,141.937,3,141.93,10,141.929,15,141.925,21
1715247435523,1715247435496428000,GATE,SOLUSDT,141.946,6,141.947,9,141.952,11,141.96,2,141.961,5,141.962,11,141.967,69,141.968,11,141.969,36,141.972,1,141.945,4,141.944,1,141.943,4,141.942,4,141.941,6,141.94,1,141.937,3,141.93,10,141.929,15,141.925,21
1715247435631,1715247435607379000,GATE,SOLUSDT,141.946,6,141.947,9,141.952,11,141.96,2,141.961,5,141.962,11,141.966,1,141.967,69,141.968,11,141.969,36,141.945,4,141.944,1,141.941,2,141.94,1,141.937,3,141.93,10,141.929,15,141.925,21,141.924,15,141.922,13
1715247435770,1715247435710391000,GATE,SOLUSDT,141.946,6,141.947,9,141.952,11,141.96,6,141.961,5,141.962,11,141.966,1,141.967,69,141.968,11,141.969,36,141.944,1,141.941,2,141.94,1,141.937,3,141.93,10,141.929,15,141.925,21,141.924,15,141.922,13,141.913,10
1715247435855,1715247435799993000,GATE,SOLUSDT,141.946,6,141.947,9,141.952,11,141.96,6,141.961,5,141.962,11,141.966,1,141.967,69,141.968,11,141.973,7,141.945,10,141.944,1,141.941,2,141.94,1,141.938,3,141.937,3,141.93,10,141.929,15,141.925,21,141.924,15
1715247435961,1715247435899916000,GATE,SOLUSDT,141.946,6,141.947,8,141.96,5,141.961,2,141.962,11,141.966,2,141.967,69,141.968,11,141.97,3,141.973,3,141.945,13,141.944,1,141.941,2,141.94,1,141.937,3,141.93,10,141.929,15,141.925,21,141.924,15,141.922,13
1715247436073,1715247436018240000,GATE,SOLUSDT,141.927,1,141.928,1,141.935,69,141.938,8,141.941,12,141.942,1,141.944,11,141.945,11,141.946,42,141.947,23,141.925,3,141.922,13,141.907,15,141.901,3,141.895,1,141.889,3,141.888,3,141.886,2,141.883,3,141.882,2
1715247436172,1715247436115656000,GATE,SOLUSDT,141.91,12,141.912,2,141.923,4,141.924,3,141.925,15,141.926,20,141.927,16,141.928,2,141.931,16,141.934,17,141.908,9,141.907,15,141.901,17,141.889,3,141.883,10,141.882,14,141.877,3,141.875,13,141.871,11,141.87,8
1715247436261,1715247436202495000,GATE,SOLUSDT,141.918,12,141.925,11,141.926,1,141.927,12,141.928,2,141.936,1,141.937,3,141.941,11,141.942,1,141.945,28,141.917,10,141.91,4,141.908,18,141.907,15,141.902,17,141.901,17,141.898,15,141.889,3,141.883,10,141.882,14
1715247436370,1715247436310100000,GATE,SOLUSDT,141.912,1,141.913,3,141.917,2,141.918,11,141.924,1,141.925,10,141.926,1,141.927,12,141.928,2,141.929,15,141.91,3,141.907,15,141.902,17,141.901,17,141.898,15,141.889,3,141.883,10,141.882,14,141.877,3,141.871,5
1715247436464,1715247436401824000,GATE,SOLUSDT,141.912,1,141.913,3,141.918,11,141.925,10,141.926,1,141.927,12,141.928,2,141.929,15,141.936,1,141.937,3,141.907,18,141.901,17,141.899,10,141.898,15,141.889,3,141.883,10,141.882,14,141.877,3,141.871,5,141.868,2
1715247436547,1715247436502928000,GATE,SOLUSDT,141.912,1,141.913,3,141.918,11,141.925,10,141.926,1,141.927,12,141.928,2,141.929,15,141.935,1,141.936,1,141.907,18,141.901,17,141.899,10,141.898,15,141.889,3,141.883,10,141.882,14,141.877,3,141.871,5,141.868,2
1715247436634,1715247436604371000,GATE,SOLUSDT,141.912,1,141.913,3,141.918,11,141.925,10,141.926,1,141.927,12,141.928,2,141.929,15,141.935,1,141.936,1,141.907,18,141.901,17,141.899,10,141.898,15,141.889,3,141.883,10,141.882,14,141.877,3,141.871,5,141.869,10
1715247436756,1715247436710186000,GATE,SOLUSDT,141.912,1,141.913,3,141.918,11,141.925,14,141.926,1,141.927,12,141.928,2,141.929,15,141.935,70,141.936,37,141.908,1,141.907,15,141.901,17,141.899,10,141.898,15,141.889,3,141.883,10,141.882,14,141.877,3,141.871,5
1715247436833,1715247436809674000,GATE,SOLUSDT,141.912,1,141.913,3,141.918,11,141.925,14,141.926,1,141.927,12,141.928,2,141.929,15,141.935,70,141.936,37,141.908,1,141.907,15,141.901,17,141.899,10,141.898,15,141.889,3,141.883,10,141.882,14,141.877,3,141.871,12
1715247436968,1715247436905582000,GATE,SOLUSDT,141.911,1,141.912,1,141.913,3,141.915,4,141.917,3,141.918,11,141.924,14,141.925,14,141.926,4,141.927,12,141.901,3,141.898,15,141.889,3,141.882,14,141.877,3,141.872,14,141.867,3,141.865,3,141.859,12,141.857,3
1715247437060,1715247436997086000,GATE,SOLUSDT,141.917,4,141.918,11,141.923,1,141.925,10,141.926,1,141.927,12,141.928,2,141.934,12,141.935,69,141.937,3,141.91,1,141.902,12,141.899,14,141.898,15,141.889,3,141.882,14,141.877,3,141.87,12,141.869,10,141.865,3
1715247437165,1715247437110233000,GATE,SOLUSDT,141.923,1,141.925,7,141.927,1,141.928,2,141.931,11,141.932,4,141.937,3,141.942,1,141.944,1,141.946,26,141.922,10,141.918,1,141.913,20,141.912,32,141.902,4,141.898,15,141.889,3,141.878,13,141.877,3,141.872,5
1715247437254,1715247437192081000,GATE,SOLUSDT,141.923,1,141.925,7,141.931,11,141.932,4,141.937,3,141.942,1,141.944,1,141.946,26,141.947,8,141.949,3,141.922,13,141.918,1,141.913,20,141.912,29,141.898,15,141.889,3,141.878,13,141.877,3,141.872,5,141.87,12
1715247437355,1715247437303003000,GATE,SOLUSDT,141.923,1,141.925,7,141.931,11,141.942,1,141.944,5,141.946,26,141.947,8,141.949,3,141.953,16,141.954,72,141.922,13,141.918,1,141.913,20,141.912,29,141.898,15,141.889,3,141.878,13,141.877,3,141.872,5,141.87,12
1715247437472,1715247437409398000,GATE,SOLUSDT,141.925,7,141.93,1,141.931,11,141.944,4,141.946,24,141.947,8,141.949,3,141.953,16,141.954,11,141.958,11,141.924,17,141.923,8,141.913,20,141.912,29,141.91,16,141.899,9,141.898,15,141.889,11,141.877,3,141.872,5
1715247437561,1715247437499776000,GATE,SOLUSDT,141.925,7,141.931,11,141.943,1,141.944,4,141.946,11,141.947,8,141.949,3,141.953,16,141.954,11,141.958,11,141.924,17,141.923,8,141.92,13,141.913,20,141.912,29,141.91,16,141.899,9,141.89,9,141.889,11,141.877,3
1715247437661,1715247437599745000,GATE,SOLUSDT,141.925,7,141.931,11,141.936,1,141.937,3,141.944,4,141.946,11,141.947,8,141.949,3,141.95,14,141.953,16,141.924,17,141.923,8,141.92,13,141.913,20,141.912,29,141.91,16,141.899,9,141.898,10,141.89,9,141.889,11
1715247437768,1715247437711149000,GATE,SOLUSDT,141.925,7,141.931,11,141.936,1,141.937,3,141.944,4,141.946,11,141.947,8,141.949,3,141.95,14,141.953,20,141.924,10,141.923,8,141.92,13,141.913,20,141.912,29,141.91,16,141.899,9,141.898,10,141.89,9,141.889,11
1715247437839,1715247437799352000,GATE,SOLUSDT,141.925,7,141.931,11,141.936,1,141.937,3,141.944,4,141.946,11,141.947,8,141.949,3,141.95,14,141.953,20,141.924,10,141.923,8,141.92,13,141.913,20,141.912,29,141.91,16,141.899,9,141.898,10,141.89,9,141.889,11
1715247437955,1715247437897136000,GATE,SOLUSDT,141.925,7,141.931,11,141.936,1,141.937,3,141.944,4,141.946,11,141.947,8,141.949,3,141.95,14,141.953,16,141.924,13,141.923,8,141.92,13,141.913,20,141.912,29,141.91,16,141.902,7,141.899,9,141.89,9,141.889,11
1715247438058,1715247437997287000,GATE,SOLUSDT,141.925,10,141.931,11,141.936,1,141.937,3,141.943,1,141.944,4,141.946,25,141.947,8,141.949,3,141.95,14,141.923,1,141.921,3,141.92,13,141.913,22,141.912,29,141.91,16,141.899,9,141.89,9,141.889,3,141.877,3
1715247438154,1715247438096965000,GATE,SOLUSDT,141.925,7,141.942,1,141.944,4,141.946,11,141.947,8,141.949,3,141.952,12,141.953,16,141.954,11,141.959,14,141.924,16,141.923,1,141.921,16,141.92,13,141.913,22,141.912,29,141.91,16,141.899,9,141.89,9,141.889,3
1715247438264,1715247438202200000,GATE,SOLUSDT,141.942,1,141.944,4,141.947,8,141.953,16,141.96,1,141.961,5,141.962,11,141.964,1,141.966,1,141.967,69,141.926,23,141.925,13,141.924,4,141.921,8,141.92,13,141.913,22,141.912,29,141.91,16,141.899,9,141.89,9
1715247438360,1715247438304503000,GATE,SOLUSDT,141.937,69,141.941,7,141.942,11,141.947,8,141.949,3,141.95,11,141.953,16,141.958,4,141.96,1,141.961,5,141.93,3,141.928,4,141.926,4,141.92,13,141.912,14,141.91,16,141.889,3,141.879,2,141.878,3,141.877,12
1715247438465,1715247438401626000,GATE,SOLUSDT,141.913,19,141.92,1,141.921,16,141.925,3,141.928,7,141.929,15,141.93,14,141.934,4,141.935,17,141.936,4,141.912,17,141.91,16,141.909,13,141.889,3,141.878,3,141.877,3,141.873,13,141.872,5,141.871,7,141.866,7
1715247438558,1715247438492701000,GATE,SOLUSDT,141.913,20,141.92,1,141.921,2,141.925,3,141.928,7,141.929,15,141.93,14,141.935,14,141.936,5,141.937,7,141.912,14,141.91,16,141.909,13,141.889,3,141.882,10,141.881,15,141.878,3,141.877,3,141.872,13,141.871,7
1715247438631,1715247438594381000,GATE,SOLUSDT,141.913,19,141.918,7,141.92,1,141.921,2,141.924,1,141.925,3,141.927,4,141.928,7,141.929,15,141.93,14,141.912,14,141.911,20,141.91,16,141.909,13,141.889,3,141.882,10,141.881,15,141.878,3,141.877,3,141.872,13
1715247438766,1715247438705483000,GATE,SOLUSDT,141.913,19,141.918,7,141.92,1,141.921,2,141.924,1,141.925,3,141.927,4,141.928,7,141.929,15,141.93,14,141.912,14,141.889,3,141.882,10,141.881,15,141.877,3,141.872,13,141.865,8,141.863,13,141.862,7,141.861,3
1715247438855,1715247438793793000,GATE,SOLUSDT,141.913,63,141.918,7,141.92,1,141.921,2,141.924,3,141.925,3,141.928,4,141.929,15,141.935,3,141.936,4,141.912,14,141.889,3,141.886,13,141.885,14,141.884,4,141.882,10,141.881,15,141.877,3,141.872,10,141.866,11
1715247438952,1715247438894120000,GATE,SOLUSDT,141.913,30,141.918,7,141.921,2,141.925,3,141.929,15,141.93,1,141.933,1,141.934,14,141.935,3,141.936,11,141.912,19,141.91,11,141.891,4,141.889,3,141.886,13,141.882,10,141.881,15,141.877,3,141.872,10,141.869,10
1715247439049,1715247438996960000,GATE,SOLUSDT,141.913,19,141.918,7,141.921,2,141.925,3,141.929,15,141.93,1,141.933,1,141.935,3,141.936,11,141.937,7,141.912,14,141.91,11,141.891,4,141.889,3,141.882,10,141.881,15,141.877,3,141.872,10,141.869,10,141.865,8
1715247439127,1715247439100933000,GATE,SOLUSDT,141.913,19,141.918,7,141.921,2,141.925,3,141.929,15,141.93,1,141.933,1,141.934,4,141.935,3,141.936,11,141.912,14,141.91,11,141.889,3,141.882,10,141.881,15,141.877,3,141.872,10,141.869,10,141.865,8,141.861,3
1715247439231,1715247439196547000,GATE,SOLUSDT,141.913,19,141.918,7,141.921,2,141.925,3,141.929,15,141.93,1,141.933,1,141.934,4,141.935,3,141.936,11,141.912,14,141.91,11,141.889,3,141.884,4,141.882,10,141.881,15,141.877,3,141.872,10,141.865,8,141.861,3
1715247439350,1715247439297174000,GATE,SOLUSDT,141.913,19,141.917,4,141.918,7,141.921,2,141.924,1,141.925,3,141.929,15,141.93,1,141.934,4,141.935,17,141.912,14,141.91,11,141.889,3,141.884,4,141.882,10,141.881,15,141.877,3,141.872,10,141.869,10,141.865,8
1715247439416,1715247439399935000,GATE,SOLUSDT,141.913,21,141.917,4,141.918,7,141.921,2,141.925,3,141.928,1,141.929,15,141.93,1,141.934,4,141.935,17,141.912,14,141.91,11,141.889,3,141.884,4,141.882,10,141.881,15,141.877,3,141.872,10,141.869,10,141.865,8
1715247439566,1715247439500530000,GATE,SOLUSDT,141.913,19,141.917,4,141.918,7,141.921,2,141.924,11,141.925,3,141.929,15,141.93,1,141.933,1,141.934,4,141.912,14,141.91,11,141.889,3,141.884,4,141.882,10,141.881,15,141.877,3,141.872,10,141.869,10,141.865,8
1715247439593,1715247439593506000,GATE,SOLUSDT,141.913,19,141.917,4,141.918,7,141.921,2,141.925,3,141.929,26,141.93,1,141.933,1,141.934,4,141.935,3,141.912,14,141.91,11,141.889,3,141.884,4,141.882,10,141.881,15,141.877,3,141.872,10,141.869,10,141.865,8
1715247439784,1715247439720518000,GATE,SOLUSDT,141.913,19,141.917,4,141.918,7,141.921,2,141.925,3,141.929,26,141.93,1,141.933,1,141.934,4,141.935,3,141.912,14,141.91,11,141.889,3,141.884,4,141.882,10,141.881,15,141.877,3,141.872,10,141.865,8,141.861,3
1715247439857,1715247439795031000,GATE,SOLUSDT,141.913,16,141.917,4,141.918,7,141.921,13,141.925,3,141.929,26,141.93,1,141.933,1,141.934,4,141.935,3,141.912,14,141.889,3,141.884,4,141.882,10,141.881,15,141.877,3,141.872,10,141.869,10,141.865,8,141.862,4
1715247439944,1715247439899936000,GATE,SOLUSDT,141.913,20,141.917,5,141.918,7,141.921,13,141.922,15,141.925,3,141.929,26,141.93,1,141.933,1,141.934,4,141.912,14,141.894,17,141.893,13,141.889,3,141.884,4,141.882,10,141.881,15,141.877,3,141.872,10,141.869,10
1715247440060,1715247439996902000,GATE,SOLUSDT,141.913,21,141.917,4,141.918,7,141.92,1,141.921,13,141.922,15,141.923,28,141.925,3,141.929,26,141.93,1,141.912,14,141.894,17,141.893,13,141.889,3,141.882,10,141.881,15,141.877,3,141.872,10,141.869,10,141.865,8
1715247440120,1715247440107297000,GATE,SOLUSDT,141.913,44,141.917,18,141.918,7,141.92,4,141.921,13,141.922,15,141.924,1,141.925,3,141.929,15,141.93,1,141.912,14,141.894,17,141.893,13,141.889,3,141.882,10,141.881,15,141.877,3,141.872,10,141.865,8,141.863,7
1715247440255,1715247440199889000,GATE,SOLUSDT,141.913,30,141.917,4,141.918,7,141.919,1,141.92,4,141.921,13,141.922,15,141.923,14,141.924,14,141.925,3,141.912,14,141.894,17,141.893,13,141.889,3,141.882,10,141.881,15,141.877,3,141.872,10,141.865,8,141.863,7
1715247440367,1715247440308698000,GATE,SOLUSDT,141.913,18,141.917,4,141.918,7,141.919,1,141.92,4,141.921,13,141.922,15,141.924,1,141.925,3,141.929,11,141.912,14,141.894,17,141.893,13,141.889,3,141.882,10,141.881,15,141.877,3,141.872,10,141.869,10,141.865,8
1715247440470,1715247440407500000,GATE,SOLUSDT,141.913,18,141.917,4,141.918,7,141.919,1,141.92,4,141.921,13,141.922,15,141.924,1,141.925,3,141.929,11,141.912,14,141.894,17,141.893,13,141.889,3,141.882,10,141.881,15,141.877,3,141.872,10,141.869,10,141.865,8
1715247440566,1715247440513014000,GATE,SOLUSDT,141.913,21,141.917,4,141.918,7,141.919,1,141.92,4,141.921,13,141.922,15,141.924,1,141.925,3,141.929,11,141.912,14,141.894,17,141.893,13,141.889,3,141.882,10,141.881,15,141.877,3,141.872,10,141.869,10,141.865,8
1715247440576,1715247440603437000,GATE,SOLUSDT,141.913,21,141.917,4,141.918,7,141.919,1,141.92,4,141.921,13,141.922,15,141.924,1,141.925,3,141.929,11,141.912,14,141.894,17,141.893,13,141.889,3,141.882,10,141.881,15,141.877,3,141.872,10,141.869,10,141.865,8
1715247440740,1715247440717161000,GATE,SOLUSDT,141.913,21,141.917,4,141.918,7,141.919,1,141.92,4,141.921,13,141.922,15,141.924,1,141.925,3,141.929,11,141.912,14,141.894,17,141.893,13,141.889,3,141.882,10,141.881,15,141.877,3,141.872,10,141.869,10,141.865,8
1715247440852,1715247440819382000,GATE,SOLUSDT,141.913,19,141.917,4,141.918,7,141.919,1,141.92,4,141.921,13,141.922,15,141.924,1,141.925,3,141.929,11,141.912,14,141.898,4,141.894,17,141.893,13,141.889,3,141.882,10,141.881,15,141.877,3,141.872,10,141.869,10
1715247440964,1715247440903038000,GATE,SOLUSDT,141.913,19,141.917,4,141.918,7,141.919,1,141.92,4,141.921,13,141.922,15,141.924,1,141.925,3,141.929,11,141.912,14,141.898,4,141.894,17,141.893,13,141.889,3,141.882,10,141.881,15,141.877,3,141.872,10,141.869,10
1715247441007,1715247441001957000,GATE,SOLUSDT,141.913,19,141.917,4,141.918,7,141.919,1,141.92,5,141.921,13,141.922,15,141.923,11,141.925,3,141.929,11,141.912,14,141.898,4,141.894,17,141.893,13,141.889,3,141.882,10,141.881,15,141.877,3,141.872,10,141.869,10
1715247441162,1715247441102450000,GATE,SOLUSDT,141.899,27,141.901,6,141.903,69,141.912,51,141.913,49,141.917,21,141.918,10,141.92,1,141.921,14,141.922,15,141.889,6,141.881,15,141.877,3,141.87,9,141.865,3,141.863,8,141.859,21,141.857,26,141.854,3,141.851,12
1715247441262,1715247441203428000,GATE,SOLUSDT,141.882,27,141.888,1,141.889,3,141.892,6,141.897,10,141.898,45,141.899,34,141.9,15,141.901,6,141.902,5,141.881,15,141.877,3,141.871,15,141.87,9,141.865,3,141.863,8,141.86,4,141.859,21,141.857,15,141.853,14
1715247441361,1715247441301469000,GATE,SOLUSDT,141.882,28,141.889,3,141.892,6,141.896,1,141.897,10,141.898,30,141.899,34,141.9,15,141.901,6,141.902,5,141.881,15,141.877,3,141.874,4,141.871,15,141.87,9,141.865,3,141.863,8,141.86,4,141.859,21,141.857,15
1715247441456,1715247441397337000,GATE,SOLUSDT,141.882,5,141.89,11,141.892,6,141.897,2,141.898,4,141.899,11,141.901,6,141.902,4,141.908,12,141.913,25,141.881,20,141.877,3,141.871,15,141.87,9,141.865,3,141.863,8,141.86,4,141.859,21,141.857,15,141.853,14
1715247441569,1715247441512588000,GATE,SOLUSDT,141.936,26,141.958,36,141.975,1,141.976,2,141.977,11,141.983,2,141.984,12,141.985,7,141.99,13,141.991,1,141.916,11,141.912,10,141.907,12,141.906,69,141.901,14,141.9,4,141.899,10,141.897,8,141.896,10,141.895,4
1715247441668,1715247441608161000,GATE,SOLUSDT,141.956,11,141.971,16,141.975,3,141.976,1,141.977,11,141.982,11,141.984,15,141.986,2,141.99,11,141.992,3,141.955,28,141.954,4,141.942,3,141.94,17,141.939,4,141.938,4,141.937,3,141.923,4,141.919,11,141.918,4
1715247441758,1715247441692920000,GATE,SOLUSDT,141.956,11,141.971,16,141.973,3,141.975,3,141.976,1,141.977,11,141.982,11,141.983,4,141.984,7,141.986,1,141.955,4,141.954,4,141.941,14,141.94,17,141.939,4,141.937,3,141.923,4,141.919,11,141.918,4,141.917,9
1715247441864,1715247441798354000,GATE,SOLUSDT,141.956,11,141.971,16,141.973,3,141.975,3,141.976,1,141.977,11,141.982,11,141.983,4,141.984,7,141.986,1,141.955,4,141.941,14,141.94,17,141.939,4,141.937,3,141.923,4,141.919,11,141.918,4,141.917,9,141.914,1
1715247441958,1715247441911791000,GATE,SOLUSDT,141.956,11,141.971,16,141.973,3,141.975,3,141.976,1,141.977,11,141.982,21,141.983,4,141.984,7,141.986,1,141.955,4,141.942,3,141.941,14,141.94,17,141.937,3,141.923,4,141.919,11,141.918,4,141.917,9,141.914,1
1715247442067,1715247442007212000,GATE,SOLUSDT,141.956,11,141.97,13,141.971,16,141.973,3,141.975,3,141.977,11,141.982,10,141.983,4,141.984,7,141.985,14,141.955,4,141.942,3,141.941,14,141.94,17,141.937,3,141.923,4,141.919,11,141.918,4,141.917,9,141.914,1
1715247442157,1715247442098033000,GATE,SOLUSDT,141.956,11,141.962,2,141.969,1,141.971,16,141.973,3,141.974,12,141.975,3,141.977,11,141.982,10,141.983,4,141.955,2,141.942,3,141.941,14,141.94,17,141.937,3,141.923,4,141.919,11,141.918,4,141.917,9,141.914,1
1715247442261,1715247442200159000,GATE,SOLUSDT,141.956,11,141.962,2,141.971,16,141.973,3,141.974,12,141.975,3,141.977,11,141.981,1,141.982,10,141.984,4,141.955,7,141.942,3,141.941,14,141.94,17,141.937,3,141.923,4,141.919,17,141.918,4,141.917,9,141.914,1
1715247442358,1715247442435100000,GATE,SOLUSDT,141.962,2,141.97,3,141.971,16,141.973,3,141.974,1,141.977,11,141.98,11,141.981,1,141.984,4,141.987,36,141.955,7,141.942,3,141.941,14,141.94,17,141.937,3,141.923,4,141.919,17,141.918,4,141.917,5,141.914,1
1715247442482,1715247442436337000,GATE,SOLUSDT,141.96,4,141.961,11,141.962,13,141.97,17,141.971,16,141.973,3,141.974,1,141.977,11,141.98,11,141.981,1,141.955,1,141.942,3,141.94,16,141.937,3,141.925,3,141.923,4,141.92,14,141.919,17,141.918,4,141.917,3
1715247442572,1715247442525618000,GATE,SOLUSDT,141.958,8,141.959,4,141.96,8,141.961,4,141.962,13,141.97,17,141.971,16,141.973,3,141.974,1,141.977,11,141.955,1,141.942,3,141.941,15,141.94,16,141.937,3,141.925,3,141.923,4,141.92,14,141.919,17,141.918,4
1715247442668,1715247442605753000,GATE,SOLUSDT,141.958,4,141.959,4,141.96,8,141.961,4,141.962,13,141.971,16,141.973,3,141.974,1,141.977,11,141.979,1,141.956,10,141.955,1,141.942,3,141.941,15,141.94,16,141.937,3,141.925,3,141.923,4,141.919,17,141.918,4
1715247442758,1715247442692735000,GATE,SOLUSDT,141.958,1,141.959,4,141.96,4,141.961,4,141.962,2,141.966,11,141.971,16,141.973,3,141.974,1,141.977,11,141.957,1,141.942,3,141.941,15,141.94,16,141.937,3,141.925,3,141.923,4,141.919,17,141.918,4,141.917,3
1715247442875,1715247442809919000,GATE,SOLUSDT,141.958,21,141.959,4,141.96,4,141.961,4,141.962,2,141.966,11,141.971,16,141.973,3,141.974,1,141.977,11,141.957,1,141.949,3,141.942,3,141.941,14,141.94,14,141.937,3,141.925,3,141.923,4,141.919,17,141.918,4
1715247442961,1715247442901858000,GATE,SOLUSDT,141.958,15,141.962,2,141.966,11,141.97,1,141.971,16,141.972,1,141.973,3,141.977,11,141.98,11,141.982,10,141.957,8,141.949,3,141.942,3,141.941,8,141.94,14,141.937,3,141.925,3,141.923,4,141.919,17,141.918,4
1715247443071,1715247443013006000,GATE,SOLUSDT,141.962,2,141.973,3,141.975,1,141.978,3,141.982,11,141.984,4,141.985,3,141.987,36,141.989,1,141.99,11,141.957,10,141.949,3,141.948,15,141.941,8,141.94,14,141.937,3,141.926,2,141.925,3,141.923,4,141.919,4
1715247443166,1715247443110862000,GATE,SOLUSDT,141.962,2,141.973,3,141.975,1,141.981,3,141.982,26,141.985,3,141.989,1,141.99,15,141.991,9,141.993,11,141.961,17,141.959,8,141.958,3,141.957,1,141.949,3,141.948,15,141.941,8,141.94,14,141.937,3,141.926,12
1715247443274,1715247443212485000,GATE,SOLUSDT,141.962,14,141.972,3,141.973,3,141.975,1,141.981,18,141.982,26,141.985,3,141.989,1,141.99,15,141.991,9,141.961,4,141.959,8,141.958,3,141.957,1,141.949,20,141.948,15,141.941,8,141.94,14,141.937,3,141.926,12
1715247443364,1715247443300458000,GATE,SOLUSDT,141.962,2,141.973,3,141.975,1,141.981,3,141.982,26,141.985,3,141.989,1,141.99,11,141.991,9,141.993,11,141.961,12,141.959,8,141.958,3,141.957,1,141.949,20,141.948,15,141.941,8,141.94,14,141.937,3,141.927,16
1715247443464,1715247443412566000,GATE,SOLUSDT,141.962,2,141.973,3,141.975,1,141.981,3,141.982,26,141.985,3,141.99,11,141.991,9,141.993,11,141.994,1,141.961,12,141.959,8,141.958,3,141.957,1,141.949,20,141.948,15,141.941,8,141.94,14,141.937,3,141.927,16
1715247443563,1715247443507373000,GATE,SOLUSDT,141.962,2,141.973,3,141.975,1,141.981,3,141.982,26,141.985,3,141.99,11,141.991,9,141.993,11,141.996,1,141.961,12,141.959,8,141.958,3,141.957,1,141.949,20,141.948,15,141.941,8,141.94,14,141.937,3,141.927,16
1715247443664,1715247443610446000,GATE,SOLUSDT,141.962,2,141.973,3,141.975,1,141.981,3,141.982,26,141.985,3,141.99,11,141.991,9,141.993,11,141.996,1,141.961,12,141.959,8,141.958,3,141.957,1,141.949,20,141.948,15,141.941,8,141.94,14,141.937,3,141.927,16
1715247443771,1715247443711824000,GATE,SOLUSDT,141.962,2,141.973,3,141.975,1,141.981,3,141.982,26,141.985,3,141.99,11,141.991,9,141.993,11,141.996,1,141.961,8,141.959,8,141.958,3,141.957,1,141.949,20,141.948,15,141.941,8,141.94,14,141.937,3,141.927,16
1715247443865,1715247443805886000,GATE,SOLUSDT,141.962,13,141.973,3,141.975,1,141.981,3,141.982,26,141.985,3,141.988,4,141.99,11,141.991,9,141.993,11,141.961,8,141.959,8,141.958,3,141.957,1,141.949,20,141.948,15,141.941,8,141.94,14,141.937,3,141.927,16
1715247443969,1715247443903923000,GATE,SOLUSDT,141.952,13,141.958,5,141.959,4,141.961,3,141.962,29,141.972,1,141.973,3,141.976,3,141.98,12,141.982,11,141.951,1,141.949,3,141.948,15,141.941,8,141.94,14,141.937,3,141.925,3,141.922,7,141.921,6,141.918,7
1715247444056,1715247443994967000,GATE,SOLUSDT,141.952,14,141.958,5,141.959,4,141.961,3,141.962,28,141.97,1,141.971,11,141.972,1,141.973,3,141.976,3,141.951,1,141.949,3,141.948,15,141.941,8,141.94,14,141.937,3,141.925,3,141.922,7,141.921,6,141.918,7
1715247444162,1715247444096989000,GATE,SOLUSDT,141.952,14,141.958,5,141.959,4,141.961,3,141.962,28,141.971,1,141.972,1,141.973,3,141.975,11,141.976,3,141.951,2,141.949,3,141.948,15,141.941,8,141.94,14,141.937,3,141.925,3,141.922,7,141.921,6,141.918,7
1715247444225,1715247444199810000,GATE,SOLUSDT,141.952,14,141.958,5,141.959,4,141.961,3,141.962,28,141.971,1,141.972,1,141.973,3,141.975,11,141.976,3,141.951,2,141.949,13,141.948,15,141.941,8,141.94,14,141.937,3,141.925,3,141.922,7,141.921,6,141.918,7
1715247444357,1715247444293679000,GATE,SOLUSDT,141.952,1,141.962,2,141.973,3,141.98,1,141.982,11,141.983,1,141.985,3,141.989,6,141.99,47,141.991,6,141.951,12,141.949,17,141.948,15,141.941,8,141.94,14,141.937,3,141.926,10,141.925,3,141.923,2,141.922,7
1715247444456,1715247444395280000,GATE,SOLUSDT,141.962,3,141.973,3,141.979,3,141.981,14,141.982,11,141.985,3,141.987,4,141.99,47,141.991,6,141.995,1,141.961,17,141.952,3,141.951,4,141.949,17,141.948,15,141.941,8,141.94,14,141.937,3,141.927,12,141.926,10
1715247444564,1715247444499442000,GATE,SOLUSDT,141.962,3,141.973,3,141.979,3,141.981,14,141.982,11,141.985,3,141.99,47,141.991,6,141.995,1,141.997,3,141.961,17,141.952,3,141.951,4,141.949,17,141.948,15,141.941,8,141.94,14,141.937,3,141.927,12,141.926,10
1715247444668,1715247444602548000,GATE,SOLUSDT,141.962,3,141.973,3,141.979,3,141.982,11,141.985,3,141.99,47,141.991,6,141.997,3,141.999,6,142.001,1,141.961,17,141.952,3,141.951,4,141.949,17,141.948,15,141.941,8,141.94,14,141.937,3,141.927,12,141.926,10
1715247444763,1715247444696732000,GATE,SOLUSDT,141.973,3,141.984,3,141.985,3,141.99,36,141.991,6,141.994,11,141.997,3,141.999,6,142.001,1,142.002,1,141.961,17,141.952,3,141.951,4,141.949,17,141.948,15,141.941,8,141.94,14,141.937,3,141.927,12,141.926,10
1715247444853,1715247444793487000,GATE,SOLUSDT,141.973,3,141.985,3,141.989,3,141.99,36,141.991,6,141.994,11,141.997,3,141.999,15,142.001,1,142.003,25,141.972,17,141.963,20,141.962,4,141.961,8,141.952,3,141.951,4,141.949,13,141.948,15,141.941,8,141.94,14
1715247444953,1715247444892933000,GATE,SOLUSDT,141.973,3,141.985,3,141.989,3,141.99,36,141.991,6,141.994,11,141.997,3,141.999,15,142.001,1,142.003,27,141.972,19,141.963,20,141.962,4,141.961,8,141.952,3,141.951,4,141.949,13,141.948,15,141.941,8,141.94,14
1715247445066,1715247445008291000,GATE,SOLUSDT,141.973,4,141.985,3,141.991,6,141.994,11,141.997,3,141.999,15,142.003,27,142.004,1,142.007,5,142.008,3,141.972,19,141.963,34,141.962,4,141.961,8,141.952,3,141.951,4,141.949,13,141.948,15,141.941,8,141.937,3
1715247445173,1715247445112620000,GATE,SOLUSDT,141.973,4,141.985,3,141.991,6,141.997,14,141.999,15,142.003,16,142.007,5,142.008,3,142.009,3,142.01,77,141.972,19,141.963,34,141.962,4,141.961,8,141.952,3,141.949,13,141.948,15,141.941,8,141.937,3,141.936,8
1715247445268,1715247445207920000,GATE,SOLUSDT,141.973,4,141.985,3,141.989,11,141.991,6,141.997,14,141.999,15,142.003,16,142.007,6,142.008,3,142.009,3,141.972,17,141.965,4,141.963,34,141.962,4,141.961,4,141.952,3,141.949,13,141.948,15,141.941,8,141.937,3
1715247445357,1715247445301702000,GATE,SOLUSDT,141.973,4,141.985,3,141.989,11,141.991,6,141.997,14,141.999,15,142.003,16,142.007,6,142.008,3,142.009,3,141.972,17,141.965,4,141.964,16,141.963,14,141.962,4,141.961,4,141.952,3,141.949,13,141.948,15,141.941,8
1715247445473,1715247445411047000,GATE,SOLUSDT,141.973,3,141.985,3,141.991,6,141.997,3,141.999,15,142.002,1,142.003,16,142.007,6,142.008,3,142.009,3,141.972,17,141.965,4,141.964,16,141.963,14,141.962,4,141.961,4,141.955,10,141.952,3,141.949,13,141.948,15
1715247445557,1715247445497175000,GATE,SOLUSDT,141.973,3,141.985,3,141.991,6,141.997,3,141.999,15,142.002,1,142.003,16,142.007,5,142.008,3,142.009,3,141.972,17,141.965,4,141.964,16,141.963,14,141.962,4,141.961,4,141.955,10,141.952,3,141.949,13,141.948,15
1715247445661,1715247445609092000,GATE,SOLUSDT,141.973,3,141.985,3,141.991,6,141.997,14,141.999,15,142.002,1,142.003,16,142.007,5,142.008,3,142.009,3,141.972,17,141.965,4,141.964,16,141.963,14,141.962,4,141.961,4,141.955,10,141.952,3,141.949,13,141.948,15
1715247445693,1715247445708058000,GATE,SOLUSDT,141.973,3,141.985,3,141.991,6,141.997,14,141.999,15,142.002,1,142.003,16,142.007,5,142.008,3,142.009,3,141.972,17,141.965,4,141.964,16,141.963,14,141.962,4,141.961,4,141.955,10,141.952,3,141.949,13,141.948,15
1715247445849,1715247445792228000,GATE,SOLUSDT,141.973,3,141.985,3,141.989,11,141.991,6,141.997,14,141.999,15,142.002,1,142.003,16,142.007,5,142.008,3,141.972,19,141.965,4,141.964,16,141.963,14,141.962,4,141.961,4,141.952,3,141.949,13,141.948,15,141.943,45
1715247445957,1715247445896921000,GATE,SOLUSDT,141.973,3,141.985,3,141.989,11,141.991,9,141.997,14,141.999,15,142.002,1,142.003,16,142.007,5,142.008,3,141.972,16,141.965,4,141.964,16,141.963,14,141.962,4,141.961,4,141.952,3,141.949,13,141.948,15,141.944,7
1715247446021,1715247445996585000,GATE,SOLUSDT,141.973,3,141.985,3,141.989,11,141.991,9,141.997,14,141.999,15,142.002,1,142.003,16,142.006,1,142.007,16,141.972,16,141.965,4,141.964,16,141.963,14,141.962,4,141.961,4,141.952,3,141.949,13,141.948,15,141.944,7
1715247446146,1715247446106723000,GATE,SOLUSDT,141.973,14,141.985,3,141.989,14,141.991,6,141.997,14,141.999,15,142.002,1,142.003,16,142.005,1,142.006,1,141.972,16,141.964,16,141.963,14,141.962,4,141.961,4,141.952,3,141.949,13,141.948,15,141.944,7,141.943,45
1715247446258,1715247446198998000,GATE,SOLUSDT,141.973,3,141.985,3,141.989,14,141.991,6,141.997,14,141.999,15,142.002,1,142.003,16,142.006,1,142.007,16,141.972,18,141.964,16,141.963,14,141.962,4,141.961,4,141.952,3,141.949,13,141.948,15,141.944,7,141.943,45
1715247446346,1715247446294556000,GATE,SOLUSDT,141.973,3,141.985,3,141.991,6,141.997,3,141.999,15,142.002,1,142.003,16,142.007,5,142.008,3,142.009,3,141.972,18,141.965,4,141.964,16,141.963,14,141.962,4,141.961,4,141.952,3,141.949,13,141.948,15,141.944,7
1715247446475,1715247446458488000,GATE,SOLUSDT,141.973,3,141.985,3,141.991,6,141.997,14,141.999,15,142.002,1,142.003,16,142.007,5,142.009,3,142.01,6,141.972,16,141.965,4,141.964,16,141.963,14,141.962,4,141.961,4,141.952,3,141.949,13,141.948,15,141.945,1
1715247446566,1715247446502753000,GATE,SOLUSDT,141.973,4,141.981,15,141.985,3,141.989,11,141.991,6,141.995,1,141.996,4,141.997,14,142.003,16,142.007,5,141.972,13,141.965,4,141.964,16,141.963,14,141.962,4,141.961,4,141.952,3,141.949,13,141.948,15,141.945,1
1715247446661,1715247446596775000,GATE,SOLUSDT,141.968,2,141.972,5,141.973,15,141.98,3,141.981,15,141.985,3,141.989,11,141.991,6,141.995,1,141.996,4,141.967,1,141.965,1,141.964,19,141.963,14,141.962,3,141.952,2,141.949,13,141.948,15,141.944,7,141.941,1
1715247446765,1715247446699915000,GATE,SOLUSDT,141.968,3,141.972,5,141.973,14,141.98,3,141.981,26,141.985,3,141.988,2,141.989,11,141.991,6,141.994,1,141.967,4,141.965,4,141.964,14,141.963,14,141.962,2,141.952,2,141.949,13,141.948,15,141.944,7,141.94,10
1715247446869,1715247446807577000,GATE,SOLUSDT,141.968,7,141.972,5,141.973,14,141.98,3,141.981,26,141.985,3,141.989,11,141.991,6,141.995,1,141.996,4,141.967,3,141.965,1,141.963,14,141.962,2,141.952,2,141.949,13,141.948,15,141.944,7,141.94,10,141.939,12
1715247446973,1715247446915344000,GATE,SOLUSDT,141.964,17,141.967,5,141.968,1,141.971,3,141.972,4,141.973,14,141.98,4,141.981,26,141.985,3,141.988,11,141.963,14,141.952,2,141.949,3,141.948,15,141.937,3,141.934,6,141.929,7,141.927,8,141.925,10,141.922,7
1715247447070,1715247447008394000,GATE,SOLUSDT,141.964,21,141.967,5,141.969,1,141.972,4,141.973,14,141.978,11,141.979,1,141.98,3,141.981,26,141.982,10,141.963,14,141.949,3,141.948,15,141.937,3,141.925,3,141.921,8,141.917,3,141.914,13,141.913,3,141.91,12
1715247447173,1715247447111556000,GATE,SOLUSDT,141.95,17,141.96,3,141.961,3,141.963,17,141.964,12,141.971,1,141.972,21,141.973,14,141.977,3,141.978,11,141.949,3,141.948,15,141.937,3,141.925,3,141.921,10,141.917,3,141.914,17,141.913,3,141.911,14,141.91,12
1715247447262,1715247447207146000,GATE,SOLUSDT,141.95,18,141.96,3,141.961,3,141.963,17,141.964,11,141.973,14,141.976,1,141.977,1,141.978,11,141.98,3,141.949,3,141.948,15,141.937,3,141.925,18,141.921,10,141.92,16,141.917,3,141.915,69,141.914,17,141.913,3
1715247447353,1715247447296296000,GATE,SOLUSDT,141.95,14,141.96,3,141.961,3,141.963,17,141.964,11,141.973,14,141.976,1,141.977,1,141.98,3,141.981,11,141.949,3,141.948,15,141.937,3,141.928,4,141.926,19,141.925,18,141.921,10,141.92,16,141.917,3,141.916,41
1715247447451,1715247447401253000,GATE,SOLUSDT,141.95,16,141.958,14,141.96,3,141.961,3,141.963,17,141.964,11,141.973,27,141.976,4,141.977,1,141.981,11,141.949,3,141.948,15,141.937,3,141.928,4,141.925,3,141.921,6,141.92,16,141.917,3,141.914,5,141.913,3
1715247447552,1715247447503201000,GATE,SOLUSDT,141.95,14,141.958,14,141.96,3,141.961,3,141.963,17,141.964,11,141.973,27,141.976,4,141.977,1,141.981,11,141.949,3,141.948,15,141.937,3,141.925,3,141.921,6,141.92,16,141.917,3,141.914,5,141.913,16,141.91,12
1715247447598,1715247447598858000,GATE,SOLUSDT,141.95,14,141.958,14,141.96,3,141.961,3,141.963,17,141.964,11,141.973,27,141.976,4,141.977,1,141.981,11,141.949,3,141.948,15,141.937,3,141.925,3,141.921,10,141.92,16,141.917,3,141.914,5,141.913,16,141.91,12
1715247447809,1715247447793205000,GATE,SOLUSDT,141.95,1,141.958,14,141.96,3,141.961,3,141.963,17,141.964,11,141.973,27,141.976,4,141.977,1,141.981,11,141.949,8,141.948,15,141.937,3,141.925,3,141.921,10,141.92,16,141.917,3,141.914,5,141.913,16,141.91,12
1715247447953,1715247447902693000,GATE,SOLUSDT,141.958,14,141.963,16,141.966,11,141.973,16,141.976,3,141.981,11,141.984,12,141.985,3,141.989,11,141.99,8,141.957,10,141.951,21,141.95,8,141.949,3,141.948,15,141.942,14,141.937,3,141.932,11,141.931,13,141.926,10
1715247448071,1715247448007994000,GATE,SOLUSDT,141.957,1,141.958,15,141.963,16,141.966,11,141.973,16,141.976,3,141.981,11,141.984,1,141.985,3,141.986,1,141.952,4,141.951,21,141.95,3,141.949,3,141.948,15,141.942,14,141.937,3,141.932,11,141.931,13,141.926,10
1715247448165,1715247448100029000,GATE,SOLUSDT,141.956,1,141.957,1,141.958,14,141.963,16,141.966,11,141.973,16,141.976,3,141.981,11,141.984,1,141.985,3,141.952,4,141.951,21,141.95,3,141.949,3,141.948,15,141.942,14,141.937,3,141.932,11,141.931,13,141.926,10
1715247448265,1715247448198494000,GATE,SOLUSDT,141.956,1,141.957,1,141.958,14,141.963,16,141.966,11,141.973,16,141.976,3,141.981,11,141.982,10,141.984,1,141.955,1,141.954,1,141.953,5,141.952,3,141.951,21,141.95,3,141.949,3,141.948,15,141.942,14,141.937,3
1715247448361,1715247448297880000,GATE,SOLUSDT,141.956,5,141.958,14,141.963,16,141.966,11,141.973,16,141.975,1,141.976,3,141.981,11,141.982,10,141.985,3,141.955,3,141.954,1,141.953,5,141.951,11,141.95,3,141.949,3,141.948,15,141.942,14,141.937,3,141.932,11
1715247448472,1715247448409040000,GATE,SOLUSDT,141.956,5,141.958,14,141.963,16,141.966,11,141.973,16,141.976,3,141.981,11,141.982,10,141.984,1,141.985,3,141.955,8,141.954,4,141.95,3,141.949,3,141.948,15,141.943,14,141.942,14,141.937,3,141.932,11,141.931,13
1715247448574,1715247448509824000,GATE,SOLUSDT,141.949,49,141.95,1,141.951,4,141.955,4,141.956,12,141.958,14,141.961,3,141.962,11,141.963,16,141.966,11,141.948,15,141.937,3,141.925,3,141.921,6,141.917,3,141.914,12,141.913,3,141.911,1,141.91,12,141.908,52
1715247448667,1715247448608190000,GATE,SOLUSDT,141.949,61,141.95,1,141.951,4,141.955,21,141.956,11,141.958,14,141.961,3,141.963,16,141.966,11,141.973,16,141.948,15,141.937,3,141.925,3,141.921,6,141.917,3,141.915,13,141.914,5,141.913,16,141.91,12,141.906,8
1715247448760,1715247448695684000,GATE,SOLUSDT,141.938,32,141.948,8,141.949,64,141.955,21,141.956,11,141.958,14,141.961,3,141.962,3,141.963,16,141.966,11,141.937,3,141.926,3,141.925,3,141.921,10,141.92,4,141.917,3,141.915,13,141.913,16,141.906,8,141.905,7
1715247448868,1715247448806414000,GATE,SOLUSDT,141.938,39,141.948,8,141.949,61,141.955,21,141.956,11,141.958,14,141.961,3,141.962,3,141.964,12,141.966,11,141.937,3,141.925,3,141.922,3,141.921,10,141.92,4,141.917,3,141.915,13,141.913,16,141.906,8,141.905,7
1715247448961,1715247448899211000,GATE,SOLUSDT,141.908,14,141.913,8,141.914,13,141.925,10,141.926,38,141.928,4,141.933,16,141.937,7,141.938,31,141.943,15,141.907,3,141.906,8,141.902,10,141.901,17,141.9,4,141.899,2,141.894,9,141.893,14,141.89,12,141.889,3
1715247449057,1715247449000752000,GATE,SOLUSDT,141.904,9,141.905,5,141.906,11,141.908,1,141.909,14,141.913,18,141.914,11,141.924,1,141.925,10,141.926,16,141.903,1,141.902,10,141.901,17,141.9,4,141.899,2,141.894,9,141.893,14,141.889,3,141.881,17,141.88,13
1715247449159,1715247449095611000,GATE,SOLUSDT,141.902,17,141.903,1,141.904,6,141.906,11,141.909,28,141.913,7,141.914,11,141.923,14,141.925,10,141.926,16,141.901,17,141.893,14,141.889,3,141.881,10,141.88,13,141.877,3,141.865,3,141.862,3,141.861,1,141.86,2
1715247449268,1715247449207179000,GATE,SOLUSDT,141.902,3,141.903,1,141.906,11,141.908,11,141.909,28,141.911,1,141.913,3,141.914,11,141.922,1,141.925,67,141.901,17,141.893,14,141.889,3,141.881,10,141.88,13,141.877,3,141.865,3,141.86,2,141.855,5,141.851,7
1715247449368,1715247449309005000,GATE,SOLUSDT,141.902,3,141.906,11,141.908,11,141.909,28,141.913,3,141.914,11,141.921,1,141.922,1,141.925,67,141.926,11,141.901,17,141.893,14,141.889,3,141.881,10,141.88,13,141.877,3,141.865,3,141.86,2,141.855,5,141.851,7
1715247449461,1715247449395878000,GATE,SOLUSDT,141.902,3,141.906,11,141.909,14,141.913,3,141.914,11,141.92,11,141.921,1,141.922,1,141.925,67,141.926,11,141.901,17,141.893,14,141.889,3,141.881,10,141.88,13,141.877,3,141.87,13,141.869,10,141.865,3,141.86,2
1715247449563,1715247449502812000,GATE,SOLUSDT,141.909,14,141.914,11,141.922,1,141.925,6,141.926,11,141.928,14,141.929,14,141.932,1,141.934,3,141.937,3,141.908,14,141.907,2,141.906,7,141.902,10,141.901,17,141.898,13,141.893,14,141.889,3,141.881,10,141.877,3
1715247449674,1715247449608817000,GATE,SOLUSDT,141.909,14,141.922,1,141.925,6,141.926,11,141.928,14,141.929,14,141.932,1,141.934,3,141.937,3,141.938,11,141.908,17,141.907,2,141.906,2,141.902,10,141.901,17,141.898,13,141.893,14,141.889,3,141.881,10,141.877,3
1715247449730,1715247449695543000,GATE,SOLUSDT,141.909,14,141.922,1,141.925,3,141.926,11,141.929,14,141.932,1,141.934,3,141.937,3,141.938,11,141.942,36,141.908,17,141.907,2,141.906,2,141.902,10,141.901,17,141.898,13,141.893,14,141.889,3,141.881,10,141.877,3
1715247449826,1715247449795043000,GATE,SOLUSDT,141.909,14,141.922,1,141.926,11,141.929,14,141.932,1,141.934,3,141.937,3,141.938,11,141.939,14,141.942,36,141.908,17,141.907,2,141.906,2,141.902,10,141.901,17,141.898,13,141.893,14,141.889,3,141.881,10,141.877,3
1715247449966,1715247449903451000,GATE,SOLUSDT,141.909,14,141.917,11,141.922,1,141.925,3,141.926,11,141.929,14,141.932,1,141.934,3,141.937,3,141.938,11,141.908,17,141.907,2,141.906,2,141.902,10,141.901,17,141.898,13,141.893,14,141.889,3,141.881,10,141.877,3
1715247450067,1715247450009684000,GATE,SOLUSDT,141.909,14,141.917,11,141.924,1,141.925,3,141.926,11,141.929,14,141.932,1,141.937,3,141.938,11,141.939,14,141.908,17,141.907,2,141.906,2,141.902,10,141.901,17,141.898,13,141.893,14,141.889,3,141.881,10,141.877,3
1715247450174,1715247450111954000,GATE,SOLUSDT,141.909,14,141.924,1,141.925,3,141.926,11,141.929,14,141.932,1,141.937,3,141.938,11,141.939,14,141.941,1,141.908,17,141.907,2,141.906,2,141.902,10,141.901,17,141.898,13,141.893,14,141.889,3,141.881,10,141.877,3
1715247450274,1715247450211844000,GATE,SOLUSDT,141.909,14,141.924,1,141.929,14,141.932,1,141.937,3,141.938,11,141.939,14,141.941,1,141.942,36,141.943,15,141.908,17,141.907,2,141.906,2,141.902,10,141.901,17,141.898,13,141.893,14,141.889,3,141.881,10,141.877,3
1715247450365,1715247450307921000,GATE,SOLUSDT,141.928,1,141.929,14,141.932,1,141.941,1,141.942,36,141.943,15,141.945,11,141.946,11,141.949,3,141.954,10,141.913,3,141.91,7,141.909,29,141.907,2,141.906,1,141.902,10,141.901,17,141.898,13,141.894,14,141.893,14
1715247450463,1715247450403612000,GATE,SOLUSDT,141.928,1,141.929,14,141.932,1,141.941,1,141.943,15,141.945,11,141.946,11,141.949,3,141.954,10,141.955,3,141.927,28,141.926,13,141.925,3,141.914,1,141.913,11,141.91,4,141.909,7,141.907,2,141.906,1,141.902,10
1715247450539,1715247450498868000,GATE,SOLUSDT,141.928,1,141.929,14,141.932,1,141.936,11,141.941,1,141.943,15,141.945,11,141.946,11,141.949,3,141.955,3,141.927,28,141.925,3,141.914,9,141.913,7,141.91,4,141.909,7,141.907,2,141.906,1,141.902,10,141.901,17
1715247450664,1715247450612711000,GATE,SOLUSDT,141.928,1,141.929,14,141.932,1,141.936,11,141.941,1,141.943,15,141.945,11,141.946,11,141.949,3,141.955,3,141.927,30,141.925,3,141.914,9,141.913,7,141.91,4,141.909,7,141.907,2,141.906,1,141.902,10,141.901,17
1715247450765,1715247450704474000,GATE,SOLUSDT,141.928,1,141.929,14,141.932,1,141.936,11,141.937,3,141.941,1,141.943,15,141.945,11,141.946,11,141.949,3,141.927,30,141.925,3,141.914,9,141.913,7,141.91,4,141.909,7,141.907,2,141.906,1,141.902,10,141.901,17
1715247450870,1715247450807861000,GATE,SOLUSDT,141.929,14,141.932,1,141.936,11,141.937,3,141.941,1,141.943,15,141.945,11,141.946,11,141.948,1,141.949,3,141.928,49,141.927,22,141.925,3,141.914,8,141.913,7,141.91,4,141.909,7,141.907,2,141.906,1,141.902,10
1715247450932,1715247450897021000,GATE,SOLUSDT,141.929,15,141.932,1,141.936,11,141.937,3,141.941,1,141.943,15,141.945,11,141.946,11,141.949,3,141.956,11,141.928,49,141.927,20,141.925,3,141.914,8,141.913,7,141.91,4,141.909,7,141.907,2,141.906,1,141.902,10
1715247451036,1715247450992231000,GATE,SOLUSDT,141.929,15,141.932,1,141.935,11,141.936,12,141.937,3,141.943,15,141.946,11,141.949,3,141.956,15,141.957,17,141.928,49,141.927,20,141.925,3,141.914,8,141.913,7,141.91,4,141.909,7,141.907,2,141.906,1,141.902,10
1715247451149,1715247451093361000,GATE,SOLUSDT,141.929,26,141.932,1,141.936,12,141.937,3,141.943,15,141.946,11,141.949,3,141.956,15,141.957,17,141.958,50,141.928,46,141.927,5,141.925,3,141.914,8,141.913,7,141.91,4,141.909,7,141.907,2,141.906,1,141.902,10
1715247451197,1715247451209798000,GATE,SOLUSDT,141.929,26,141.932,1,141.936,12,141.937,3,141.943,15,141.946,11,141.949,3,141.956,15,141.957,17,141.958,50,141.928,34,141.927,5,141.925,3,141.915,14,141.914,8,141.913,3,141.91,4,141.909,3,141.907,2,141.906,1
1715247451353,1715247451306736000,GATE,SOLUSDT,141.929,27,141.932,1,141.936,12,141.937,3,141.938,15,141.943,15,141.946,11,141.949,3,141.956,15,141.957,3,141.928,4,141.927,5,141.925,3,141.915,14,141.914,8,141.913,3,141.91,4,141.909,3,141.907,2,141.906,1
1715247451464,1715247451403637000,GATE,SOLUSDT,141.929,28,141.932,1,141.936,11,141.937,3,141.938,15,141.943,15,141.946,11,141.949,3,141.953,14,141.954,10,141.928,4,141.927,5,141.925,3,141.915,14,141.914,8,141.913,3,141.91,4,141.909,3,141.907,2,141.906,1
1715247451540,1715247451499102000,GATE,SOLUSDT,141.929,32,141.933,15,141.936,11,141.937,3,141.938,15,141.942,28,141.943,15,141.946,11,141.949,3,141.954,10,141.928,1,141.927,3,141.914,11,141.913,3,141.91,4,141.909,1,141.907,2,141.906,1,141.902,10,141.901,17
1715247451630,1715247451600185000,GATE,SOLUSDT,141.929,32,141.933,15,141.936,11,141.937,3,141.938,15,141.942,28,141.943,15,141.946,11,141.949,3,141.954,71,141.928,1,141.927,1,141.925,3,141.914,11,141.913,3,141.91,4,141.909,1,141.907,2,141.906,1,141.902,10
1715247451715,1715247451705709000,GATE,SOLUSDT,141.929,32,141.933,15,141.936,11,141.937,3,141.938,15,141.942,28,141.943,15,141.946,11,141.949,3,141.954,71,141.928,1,141.927,1,141.925,3,141.914,11,141.913,3,141.91,4,141.909,1,141.907,2,141.906,1,141.902,10
1715247451849,1715247451808695000,GATE,SOLUSDT,141.929,32,141.933,15,141.936,11,141.937,3,141.938,15,141.942,28,141.943,15,141.946,11,141.949,3,141.954,71,141.928,1,141.927,1,141.925,3,141.914,11,141.913,3,141.91,4,141.909,1,141.907,2,141.906,1,141.902,10
1715247451958,1715247451898926000,GATE,SOLUSDT,141.926,39,141.928,1,141.929,16,141.933,15,141.936,11,141.937,3,141.938,15,141.942,28,141.943,15,141.946,11,141.925,3,141.914,8,141.913,3,141.91,4,141.909,1,141.907,2,141.906,1,141.902,10,141.901,17,141.899,12
1715247452059,1715247451993473000,GATE,SOLUSDT,141.914,23,141.92,13,141.925,11,141.926,15,141.929,14,141.933,18,141.936,11,141.937,3,141.942,28,141.943,15,141.913,3,141.91,4,141.909,1,141.907,2,141.906,1,141.902,10,141.901,17,141.899,12,141.894,17,141.893,14
1715247452161,1715247452097675000,GATE,SOLUSDT,141.914,23,141.919,11,141.92,13,141.924,2,141.925,11,141.926,13,141.929,14,141.933,15,141.936,11,141.937,3,141.913,3,141.91,4,141.909,1,141.907,2,141.906,5,141.902,10,141.901,17,141.899,12,141.894,17,141.893,14
1715247452265,1715247452205817000,GATE,SOLUSDT,141.914,8,141.924,1,141.925,3,141.926,13,141.929,14,141.932,12,141.933,15,141.936,11,141.937,3,141.942,14,141.913,11,141.91,4,141.909,1,141.907,2,141.906,5,141.902,10,141.901,17,141.899,12,141.894,17,141.893,14
1715247452369,1715247452305885000,GATE,SOLUSDT,141.914,4,141.926,1,141.928,1,141.929,14,141.932,12,141.933,15,141.936,11,141.937,3,141.943,15,141.946,11,141.913,13,141.91,4,141.909,1,141.907,2,141.906,5,141.902,10,141.901,17,141.899,12,141.894,17,141.893,14
1715247452463,1715247452400589000,GATE,SOLUSDT,141.914,4,141.926,1,141.928,1,141.929,14,141.932,12,141.933,15,141.936,11,141.937,3,141.943,15,141.946,11,141.913,13,141.91,4,141.909,1,141.907,2,141.906,5,141.902,10,141.901,17,141.899,12,141.898,10,141.894,17
1715247452541,1715247452507994000,GATE,SOLUSDT,141.914,4,141.922,11,141.925,3,141.926,1,141.928,1,141.929,14,141.932,12,141.933,15,141.936,11,141.937,3,141.913,11,141.91,4,141.909,1,141.907,2,141.906,5,141.902,10,141.901,17,141.899,12,141.894,17,141.893,14
1715247452654,1715247452595160000,GATE,SOLUSDT,141.914,4,141.922,11,141.925,3,141.926,1,141.928,1,141.929,14,141.932,12,141.933,15,141.936,11,141.937,3,141.913,11,141.91,4,141.909,1,141.907,2,141.906,5,141.902,10,141.901,17,141.899,12,141.894,17,141.893,14
1715247452690,1715247452701538000,GATE,SOLUSDT,141.914,4,141.922,11,141.925,3,141.926,1,141.928,1,141.929,14,141.932,12,141.933,15,141.936,11,141.937,3,141.913,11,141.91,4,141.909,1,141.907,2,141.906,5,141.902,10,141.901,17,141.899,12,141.894,17,141.893,14
1715247452794,1715247452809940000,GATE,SOLUSDT,141.914,4,141.922,11,141.925,3,141.926,1,141.928,1,141.929,14,141.932,12,141.933,15,141.936,11,141.937,3,141.913,11,141.91,4,141.909,1,141.907,2,141.906,5,141.902,10,141.901,17,141.899,12,141.894,17,141.893,14
1715247452951,1715247452897023000,GATE,SOLUSDT,141.914,4,141.922,11,141.925,3,141.926,1,141.928,4,141.929,14,141.932,12,141.933,15,141.936,11,141.937,3,141.913,11,141.91,4,141.909,1,141.907,2,141.906,5,141.902,10,141.901,17,141.899,12,141.898,10,141.894,17
1715247453072,1715247453010305000,GATE,SOLUSDT,141.914,4,141.922,11,141.924,12,141.925,3,141.926,1,141.928,3,141.929,14,141.933,15,141.934,1,141.936,11,141.913,11,141.91,4,141.909,1,141.907,2,141.906,5,141.902,10,141.901,17,141.899,12,141.898,10,141.894,17
1715247453164,1715247453101718000,GATE,SOLUSDT,141.914,4,141.922,11,141.923,1,141.924,11,141.925,3,141.926,1,141.928,3,141.929,14,141.933,15,141.934,1,141.913,13,141.91,4,141.909,1,141.907,2,141.906,5,141.902,10,141.901,17,141.899,12,141.898,10,141.894,17
1715247453258,1715247453197762000,GATE,SOLUSDT,141.932,1,141.933,15,141.936,11,141.938,11,141.943,15,141.946,11,141.949,39,141.951,2,141.954,10,141.956,11,141.922,37,141.915,3,141.914,16,141.913,3,141.911,4,141.91,4,141.909,1,141.907,2,141.903,4,141.902,10
1715247453355,1715247453295100000,GATE,SOLUSDT,141.933,15,141.942,1,141.943,15,141.948,11,141.951,1,141.955,11,141.956,11,141.96,1,141.961,3,141.964,27,141.932,17,141.931,21,141.929,14,141.925,3,141.923,7,141.922,14,141.915,4,141.914,14,141.913,3,141.911,4
1715247453455,1715247453398469000,GATE,SOLUSDT,141.94,1,141.943,15,141.955,11,141.96,1,141.961,3,141.964,27,141.966,11,141.97,28,141.973,3,141.976,8,141.937,3,141.935,44,141.934,43,141.933,16,141.932,17,141.931,4,141.929,14,141.925,3,141.924,13,141.923,6
1715247453575,1715247453515151000,GATE,SOLUSDT,141.94,1,141.943,15,141.948,11,141.949,3,141.955,11,141.956,11,141.96,1,141.961,3,141.964,27,141.966,11,141.939,14,141.938,4,141.937,3,141.935,13,141.934,5,141.933,16,141.932,17,141.931,4,141.929,14,141.925,3
1715247453660,1715247453610647000,GATE,SOLUSDT,141.94,1,141.943,15,141.948,11,141.949,3,141.955,11,141.956,11,141.96,1,141.961,3,141.964,27,141.966,11,141.939,14,141.938,4,141.937,3,141.935,13,141.934,5,141.933,16,141.932,17,141.931,4,141.929,14,141.925,3
1715247453756,1715247453695368000,GATE,SOLUSDT,141.954,1,141.955,11,141.961,3,141.968,1,141.969,13,141.97,14,141.972,11,141.973,3,141.975,3,141.98,4,141.953,12,141.941,23,141.94,4,141.937,3,141.935,13,141.934,5,141.933,16,141.932,17,141.931,4,141.93,1
1715247453866,1715247453809863000,GATE,SOLUSDT,141.954,23,141.961,3,141.962,11,141.968,1,141.969,13,141.97,14,141.972,11,141.973,18,141.975,3,141.977,12,141.953,12,141.949,3,141.946,4,141.944,13,141.942,9,141.941,5,141.94,4,141.937,3,141.935,15,141.934,5
1715247453964,1715247453907910000,GATE,SOLUSDT,141.954,23,141.961,3,141.962,11,141.968,1,141.969,13,141.97,14,141.972,11,141.973,18,141.975,3,141.977,12,141.953,12,141.949,3,141.944,13,141.942,9,141.941,5,141.94,4,141.937,3,141.935,15,141.934,5,141.933,16
1715247454026,1715247453994791000,GATE,SOLUSDT,141.954,23,141.961,4,141.962,11,141.969,13,141.972,11,141.973,18,141.975,3,141.977,12,141.979,28,141.98,4,141.953,12,141.949,3,141.944,13,141.942,9,141.941,5,141.94,4,141.937,3,141.935,15,141.934,5,141.933,16
1715247454141,1715247454095836000,GATE,SOLUSDT,141.954,23,141.961,4,141.962,11,141.969,13,141.972,11,141.973,18,141.975,3,141.977,12,141.979,28,141.98,4,141.953,12,141.949,3,141.944,13,141.942,9,141.941,5,141.94,4,141.937,3,141.935,15,141.934,5,141.933,16
1715247454253,1715247454195168000,GATE,SOLUSDT,141.954,25,141.961,3,141.962,11,141.968,14,141.969,13,141.972,11,141.973,18,141.975,3,141.977,12,141.979,14,141.953,2,141.949,3,141.946,4,141.944,16,141.942,9,141.94,4,141.937,3,141.934,3,141.933,16,141.932,17
1715247454368,1715247454307085000,GATE,SOLUSDT,141.949,3,141.95,13,141.954,15,141.961,3,141.962,11,141.968,14,141.969,13,141.972,11,141.973,18,141.975,3,141.942,1,141.941,3,141.94,3,141.937,3,141.932,17,141.929,14,141.925,3,141.924,18,141.922,15,141.915,3
1715247454448,1715247454401786000,GATE,SOLUSDT,141.947,4,141.948,14,141.949,3,141.952,16,141.954,14,141.96,14,141.961,3,141.962,11,141.969,13,141.972,11,141.942,1,141.941,3,141.94,3,141.937,3,141.932,17,141.929,14,141.925,3,141.924,18,141.922,28,141.915,3
1715247454556,1715247454493433000,GATE,SOLUSDT,141.947,12,141.953,1,141.954,3,141.961,3,141.962,11,141.969,13,141.971,14,141.972,11,141.973,3,141.975,3,141.946,8,141.943,3,141.942,1,141.941,2,141.937,3,141.932,17,141.929,14,141.925,3,141.924,18,141.922,28
1715247454657,1715247454600961000,GATE,SOLUSDT,141.947,13,141.949,3,141.961,17,141.962,11,141.969,13,141.971,14,141.972,11,141.973,3,141.975,3,141.979,14,141.946,8,141.943,3,141.942,1,141.941,2,141.937,3,141.932,17,141.929,14,141.925,3,141.924,18,141.922,28
1715247454758,1715247454710209000,GATE,SOLUSDT,141.947,26,141.949,3,141.961,17,141.962,11,141.967,4,141.969,13,141.971,14,141.972,11,141.973,3,141.975,3,141.946,1,141.943,3,141.942,1,141.941,2,141.937,3,141.932,17,141.929,14,141.925,3,141.924,18,141.922,28
1715247454879,1715247454815828000,GATE,SOLUSDT,141.947,26,141.949,3,141.961,17,141.962,11,141.967,4,141.969,13,141.971,14,141.972,11,141.973,3,141.975,3,141.946,1,141.943,1,141.942,1,141.941,2,141.937,3,141.932,17,141.929,14,141.925,3,141.924,18,141.922,28
1715247454943,1715247454899586000,GATE,SOLUSDT,141.944,15,141.946,4,141.947,26,141.948,14,141.949,3,141.957,16,141.961,17,141.962,24,141.967,4,141.969,13,141.943,1,141.937,3,141.932,17,141.929,14,141.925,3,141.924,18,141.922,15,141.915,3,141.914,10,141.913,4
1715247455059,1715247454993690000,GATE,SOLUSDT,141.93,14,141.932,1,141.933,11,141.937,3,141.943,16,141.944,31,141.947,26,141.949,3,141.954,10,141.957,16,141.929,14,141.925,3,141.922,15,141.915,3,141.914,10,141.913,4,141.91,4,141.909,1,141.907,2,141.905,13
1715247455178,1715247455113891000,GATE,SOLUSDT,141.93,27,141.932,1,141.933,11,141.936,1,141.937,3,141.943,16,141.944,28,141.947,26,141.949,3,141.954,71,141.929,14,141.922,15,141.915,3,141.914,10,141.913,4,141.909,1,141.907,2,141.906,10,141.905,13,141.902,10
1715247455260,1715247455211460000,GATE,SOLUSDT,141.93,31,141.932,1,141.933,11,141.937,3,141.943,13,141.944,28,141.947,26,141.949,3,141.954,71,141.957,16,141.929,14,141.922,15,141.915,3,141.914,10,141.913,4,141.909,1,141.907,2,141.906,10,141.902,10,141.901,3
1715247455366,1715247455301469000,GATE,SOLUSDT,141.93,31,141.932,1,141.933,11,141.937,3,141.943,13,141.944,28,141.947,26,141.949,3,141.954,71,141.957,16,141.929,14,141.922,15,141.915,3,141.913,4,141.909,1,141.907,2,141.906,10,141.902,10,141.901,3,141.897,7
1715247455430,1715247455396839000,GATE,SOLUSDT,141.93,31,141.932,1,141.933,11,141.937,3,141.943,13,141.944,28,141.947,26,141.949,3,141.954,71,141.957,16,141.929,14,141.922,15,141.915,3,141.913,4,141.909,1,141.907,2,141.906,10,141.902,10,141.901,3,141.897,7
1715247455483,1715247455503420000,GATE,SOLUSDT,141.93,31,141.932,1,141.933,11,141.937,3,141.943,13,141.944,28,141.947,26,141.949,3,141.954,71,141.957,16,141.929,14,141.922,15,141.915,3,141.913,4,141.909,1,141.907,2,141.906,10,141.902,10,141.901,3,141.897,7
1715247455646,1715247455595292000,GATE,SOLUSDT,141.93,30,141.932,1,141.933,11,141.936,1,141.937,3,141.943,13,141.944,28,141.947,26,141.949,3,141.954,71,141.929,14,141.925,3,141.922,15,141.915,3,141.913,4,141.909,1,141.907,2,141.906,10,141.902,10,141.901,3
1715247455762,1715247455702970000,GATE,SOLUSDT,141.93,31,141.932,18,141.933,11,141.937,3,141.943,13,141.944,28,141.947,26,141.949,3,141.954,71,141.957,16,141.929,14,141.925,3,141.922,15,141.915,3,141.913,4,141.909,1,141.907,2,141.906,10,141.902,10,141.901,3
1715247455861,1715247455797073000,GATE,SOLUSDT,141.926,21,141.929,4,141.93,1,141.932,17,141.933,11,141.937,3,141.943,13,141.944,28,141.947,26,141.949,3,141.925,3,141.922,15,141.913,4,141.909,1,141.907,2,141.906,10,141.902,10,141.901,3,141.897,7,141.89,7
1715247455919,1715247455896187000,GATE,SOLUSDT,141.926,22,141.929,4,141.933,11,141.937,3,141.943,13,141.944,28,141.947,26,141.949,3,141.954,71,141.957,16,141.925,3,141.922,15,141.913,4,141.909,1,141.907,2,141.906,10,141.902,10,141.901,3,141.897,7,141.894,12
1715247456024,1715247456000484000,GATE,SOLUSDT,141.926,20,141.929,4,141.933,11,141.936,28,141.937,3,141.943,13,141.947,26,141.949,3,141.954,71,141.957,16,141.925,3,141.922,15,141.913,4,141.909,1,141.907,2,141.906,10,141.902,10,141.901,3,141.897,7,141.894,12
1715247456157,1715247456100161000,GATE,SOLUSDT,141.926,16,141.929,4,141.933,11,141.937,3,141.942,28,141.943,13,141.947,26,141.949,3,141.954,71,141.957,16,141.925,3,141.922,15,141.913,4,141.909,1,141.907,2,141.906,10,141.902,10,141.901,3,141.897,7,141.894,12
1715247456249,1715247456201773000,GATE,SOLUSDT,141.926,14,141.929,4,141.932,2,141.933,11,141.937,3,141.942,14,141.943,13,141.946,14,141.947,26,141.949,3,141.925,3,141.922,15,141.913,4,141.909,1,141.907,2,141.906,10,141.902,10,141.901,3,141.897,7,141.894,12
1715247456350,1715247456296867000,GATE,SOLUSDT,141.926,1,141.931,11,141.932,2,141.933,11,141.937,3,141.943,13,141.947,26,141.949,3,141.952,14,141.953,14,141.925,8,141.922,15,141.916,14,141.914,14,141.913,17,141.909,1,141.907,2,141.906,10,141.902,10,141.901,3
1715247456387,1715247456392932000,GATE,SOLUSDT,141.926,1,141.931,11,141.932,2,141.933,11,141.937,3,141.943,13,141.947,26,141.949,3,141.952,14,141.953,14,141.925,8,141.922,15,141.916,14,141.914,14,141.913,17,141.909,1,141.907,2,141.906,10,141.902,10,141.901,3
1715247456569,1715247456504950000,GATE,SOLUSDT,141.926,1,141.93,17,141.931,11,141.932,2,141.933,11,141.937,3,141.943,13,141.947,26,141.949,3,141.952,14,141.925,8,141.923,14,141.922,15,141.916,14,141.914,14,141.913,17,141.909,1,141.907,2,141.906,10,141.902,10
1715247456652,1715247456596313000,GATE,SOLUSDT,141.932,1,141.937,3,141.938,11,141.942,12,141.943,13,141.947,26,141.948,1,141.949,3,141.952,14,141.954,71,141.929,16,141.927,3,141.926,5,141.925,3,141.923,14,141.922,15,141.916,14,141.914,14,141.913,17,141.909,1
1715247456732,1715247456710732000,GATE,SOLUSDT,141.932,1,141.937,3,141.942,12,141.943,13,141.947,26,141.948,1,141.949,3,141.952,14,141.954,71,141.957,16,141.931,10,141.93,14,141.929,6,141.927,3,141.926,4,141.925,3,141.923,16,141.922,15,141.916,14,141.914,14
1715247456824,1715247456796477000,GATE,SOLUSDT,141.932,12,141.937,3,141.942,12,141.943,13,141.947,26,141.948,1,141.949,3,141.952,14,141.954,71,141.957,16,141.931,10,141.93,15,141.929,6,141.927,3,141.926,4,141.925,3,141.923,16,141.922,15,141.916,14,141.914,14
1715247456953,1715247456893957000,GATE,SOLUSDT,141.932,13,141.937,3,141.942,12,141.943,13,141.947,26,141.948,1,141.949,3,141.952,14,141.954,71,141.957,16,141.93,1,141.929,6,141.927,3,141.926,4,141.925,3,141.923,16,141.922,15,141.916,14,141.914,14,141.913,17
1715247457051,1715247456993218000,GATE,SOLUSDT,141.937,3,141.94,13,141.945,3,141.946,14,141.947,40,141.948,1,141.949,3,141.954,71,141.957,16,141.958,36,141.935,10,141.932,1,141.931,2,141.929,4,141.927,3,141.926,4,141.925,3,141.923,10,141.922,15,141.916,14
1715247457156,1715247457096195000,GATE,SOLUSDT,141.937,27,141.945,3,141.947,26,141.948,1,141.949,3,141.953,28,141.954,85,141.957,16,141.958,36,141.96,3,141.936,11,141.927,3,141.925,3,141.923,10,141.922,15,141.916,14,141.914,14,141.913,17,141.909,1,141.907,2
1715247457211,1715247457205971000,GATE,SOLUSDT,141.937,28,141.945,3,141.947,26,141.948,1,141.949,3,141.953,28,141.954,85,141.957,16,141.958,36,141.96,3,141.936,1,141.927,3,141.926,9,141.925,3,141.923,10,141.922,15,141.916,14,141.914,14,141.913,17,141.909,1
1715247457317,1715247457296934000,GATE,SOLUSDT,141.937,28,141.945,3,141.947,26,141.948,1,141.949,3,141.953,28,141.954,85,141.957,16,141.958,36,141.96,3,141.936,1,141.929,4,141.927,3,141.926,9,141.925,3,141.923,10,141.922,15,141.916,14,141.914,14,141.913,17
1715247457373,1715247457397552000,GATE,SOLUSDT,141.937,28,141.945,3,141.947,26,141.948,1,141.949,3,141.953,28,141.954,85,141.957,16,141.958,36,141.96,3,141.936,1,141.929,4,141.927,3,141.926,9,141.925,3,141.923,10,141.922,15,141.916,14,141.914,14,141.913,17
1715247457550,1715247457511348000,GATE,SOLUSDT,141.937,28,141.945,3,141.947,26,141.948,1,141.949,3,141.953,28,141.954,85,141.957,16,141.958,36,141.96,3,141.936,1,141.929,4,141.927,3,141.926,6,141.925,3,141.923,10,141.922,15,141.916,14,141.914,14,141.913,17
1715247457649,1715247457598140000,GATE,SOLUSDT,141.937,28,141.945,3,141.947,26,141.948,1,141.949,3,141.953,28,141.954,85,141.957,16,141.96,3,141.961,3,141.936,2,141.929,4,141.927,3,141.926,6,141.925,3,141.923,10,141.922,15,141.916,14,141.914,14,141.913,17
1715247457761,1715247457712771000,GATE,SOLUSDT,141.937,28,141.945,3,141.947,26,141.948,1,141.949,3,141.953,28,141.954,85,141.957,16,141.96,3,141.961,3,141.936,2,141.929,4,141.927,3,141.926,6,141.925,3,141.923,10,141.922,15,141.916,14,141.914,14,141.913,17
1715247457840,1715247457796320000,GATE,SOLUSDT,141.937,28,141.945,3,141.947,26,141.948,1,141.949,3,141.953,28,141.954,85,141.957,16,141.96,3,141.961,3,141.936,2,141.929,4,141.927,3,141.926,6,141.925,3,141.923,10,141.922,15,141.916,14,141.914,14,141.913,17
1715247457933,1715247457894094000,GATE,SOLUSDT,141.937,28,141.945,3,141.947,26,141.948,1,141.949,3,141.953,28,141.954,85,141.957,16,141.96,3,141.961,3,141.936,2,141.929,4,141.927,3,141.926,6,141.925,3,141.923,10,141.922,15,141.916,14,141.914,14,141.913,17
1715247458069,1715247458005305000,GATE,SOLUSDT,141.936,3,141.937,31,141.944,28,141.947,26,141.948,1,141.949,3,141.954,85,141.957,16,141.959,4,141.961,3,141.925,3,141.923,13,141.922,15,141.916,14,141.914,14,141.913,17,141.909,1,141.907,2,141.906,10,141.902,10
1715247458161,1715247458098743000,GATE,SOLUSDT,141.932,1,141.933,8,141.934,11,141.935,2,141.936,17,141.937,14,141.944,28,141.947,29,141.948,1,141.949,3,141.926,1,141.925,3,141.923,13,141.922,15,141.916,14,141.914,14,141.913,17,141.909,1,141.907,2,141.906,10
1715247458264,1715247458200218000,GATE,SOLUSDT,141.931,1,141.932,2,141.933,8,141.934,11,141.935,1,141.936,17,141.937,14,141.944,28,141.947,29,141.948,1,141.926,1,141.925,3,141.923,12,141.922,15,141.916,14,141.914,14,141.913,17,141.909,1,141.907,2,141.906,10
1715247458361,1715247458301396000,GATE,SOLUSDT,141.927,25,141.93,2,141.933,7,141.935,14,141.936,17,141.937,14,141.944,14,141.947,29,141.948,1,141.949,3,141.926,1,141.925,3,141.922,15,141.916,14,141.914,13,141.913,17,141.906,10,141.902,10,141.901,3,141.897,7
1715247458426,1715247458392921000,GATE,SOLUSDT,141.927,25,141.93,2,141.933,7,141.936,17,141.937,14,141.943,14,141.944,14,141.947,29,141.948,1,141.949,3,141.926,1,141.925,3,141.922,15,141.916,14,141.914,13,141.913,17,141.906,10,141.902,10,141.901,3,141.897,7
1715247458559,1715247458504888000,GATE,SOLUSDT,141.927,11,141.937,14,141.946,12,141.947,29,141.948,1,141.949,3,141.952,4,141.953,14,141.954,71,141.956,14,141.926,11,141.925,3,141.923,16,141.922,15,141.916,14,141.914,13,141.913,17,141.906,10,141.902,10,141.901,3
1715247458627,1715247458605614000,GATE,SOLUSDT,141.927,11,141.935,1,141.937,14,141.946,12,141.947,29,141.948,1,141.949,3,141.952,4,141.953,14,141.954,71,141.926,11,141.925,3,141.923,16,141.922,15,141.916,14,141.914,13,141.913,17,141.906,10,141.902,10,141.901,3
1715247458713,1715247458703578000,GATE,SOLUSDT,141.927,11,141.935,1,141.936,12,141.937,14,141.946,12,141.947,29,141.948,1,141.949,3,141.953,14,141.954,71,141.926,11,141.925,3,141.923,16,141.922,15,141.916,14,141.914,13,141.913,17,141.906,10,141.902,10,141.901,3
1715247458860,1715247458794281000,GATE,SOLUSDT,141.935,12,141.946,11,141.947,26,141.949,3,141.957,16,141.96,1,141.961,3,141.962,24,141.965,36,141.966,1,141.934,14,141.927,20,141.926,6,141.925,3,141.923,16,141.922,15,141.916,14,141.914,13,141.913,17,141.906,10
1715247458963,1715247458910456000,GATE,SOLUSDT,141.945,5,141.946,11,141.947,15,141.949,3,141.951,25,141.957,16,141.961,3,141.962,24,141.963,3,141.966,1,141.938,6,141.937,10,141.934,4,141.928,7,141.927,7,141.926,8,141.925,3,141.923,9,141.922,15,141.916,14
1715247459052,1715247458995777000,GATE,SOLUSDT,141.945,1,141.947,15,141.948,11,141.949,3,141.951,14,141.956,1,141.957,16,141.961,14,141.962,13,141.966,1,141.939,3,141.937,10,141.934,4,141.931,14,141.928,7,141.927,7,141.926,5,141.925,3,141.923,9,141.922,15
1715247459168,1715247459103542000,GATE,SOLUSDT,141.947,32,141.949,3,141.951,14,141.953,11,141.957,16,141.961,14,141.962,13,141.966,1,141.969,4,141.97,28,141.946,4,141.939,3,141.937,10,141.931,14,141.928,7,141.927,3,141.926,5,141.925,3,141.923,9,141.922,15
1715247459259,1715247459197939000,GATE,SOLUSDT,141.94,1,141.946,4,141.947,56,141.949,3,141.951,14,141.953,11,141.957,16,141.961,14,141.962,13,141.966,1,141.939,3,141.937,10,141.928,7,141.927,3,141.926,5,141.925,3,141.923,9,141.922,15,141.916,14,141.913,4
1715247459372,1715247459306746000,GATE,SOLUSDT,141.938,29,141.939,8,141.94,11,141.946,4,141.947,15,141.949,3,141.951,14,141.953,11,141.954,10,141.957,16,141.937,3,141.93,4,141.928,7,141.927,3,141.926,2,141.925,3,141.923,9,141.922,15,141.916,14,141.913,4
1715247459465,1715247459407147000,GATE,SOLUSDT,141.938,29,141.939,3,141.94,11,141.945,14,141.946,4,141.947,15,141.949,3,141.951,14,141.953,11,141.954,10,141.937,3,141.93,4,141.928,7,141.927,3,141.926,2,141.925,3,141.923,9,141.922,15,141.916,14,141.913,4
1715247459578,1715247459511435000,GATE,SOLUSDT,141.938,12,141.944,1,141.947,15,141.949,3,141.951,14,141.953,25,141.954,10,141.957,16,141.961,14,141.962,13,141.937,8,141.93,4,141.929,17,141.928,13,141.927,3,141.926,2,141.925,3,141.923,9,141.922,15,141.916,14
1715247459655,1715247459605863000,GATE,SOLUSDT,141.938,12,141.944,1,141.947,15,141.949,3,141.951,14,141.953,25,141.954,10,141.957,16,141.96,14,141.961,14,141.937,8,141.93,4,141.929,17,141.928,13,141.927,3,141.926,2,141.925,3,141.923,9,141.922,15,141.916,14
1715247459771,1715247459715962000,GATE,SOLUSDT,141.938,56,141.947,15,141.949,3,141.95,3,141.951,14,141.953,11,141.954,14,141.957,16,141.961,14,141.962,13,141.937,3,141.93,4,141.925,3,141.922,15,141.916,14,141.913,4,141.906,10,141.902,10,141.901,3,141.897,7
1715247459868,1715247459813003000,GATE,SOLUSDT,141.926,85,141.93,5,141.937,3,141.938,12,141.947,15,141.949,3,141.95,3,141.953,11,141.954,14,141.957,16,141.925,3,141.922,15,141.916,14,141.913,4,141.901,3,141.896,16,141.889,6,141.888,15,141.887,5,141.886,2
1715247459953,1715247459908610000,GATE,SOLUSDT,141.926,71,141.93,5,141.936,14,141.937,3,141.938,11,141.946,1,141.947,15,141.949,3,141.95,3,141.953,11,141.925,3,141.922,15,141.916,14,141.913,4,141.901,3,141.897,12,141.896,16,141.889,6,141.887,4,141.886,2
1715247460060,1715247460000772000,GATE,SOLUSDT,141.926,57,141.93,5,141.934,17,141.935,14,141.936,14,141.937,3,141.938,11,141.946,1,141.947,15,141.949,3,141.925,3,141.922,15,141.916,14,141.913,4,141.901,3,141.897,12,141.896,16,141.889,6,141.887,4,141.886,2
1715247460173,1715247460110387000,GATE,SOLUSDT,141.926,56,141.929,1,141.93,5,141.934,17,141.937,3,141.938,11,141.945,28,141.946,1,141.947,15,141.949,3,141.925,3,141.922,15,141.917,9,141.916,14,141.913,4,141.901,3,141.897,12,141.896,16,141.889,6,141.887,4
1715247460259,1715247460198137000,GATE,SOLUSDT,141.943,3,141.944,11,141.947,15,141.949,3,141.953,11,141.954,107,141.956,1,141.957,16,141.961,14,141.962,13,141.937,10,141.933,1,141.93,1,141.929,2,141.927,22,141.926,6,141.925,7,141.923,16,141.922,15,141.917,9
1715247460365,1715247460300911000,GATE,SOLUSDT,141.943,19,141.944,22,141.947,15,141.949,3,141.95,14,141.952,11,141.954,71,141.957,16,141.96,1,141.961,14,141.938,1,141.937,3,141.933,4,141.929,4,141.928,3,141.927,5,141.926,3,141.925,7,141.923,16,141.922,15
1715247460454,1715247460398745000,GATE,SOLUSDT,141.943,19,141.944,22,141.947,15,141.949,3,141.95,14,141.952,11,141.954,71,141.957,16,141.96,1,141.961,14,141.937,3,141.929,4,141.926,3,141.925,3,141.922,15,141.917,9,141.916,14,141.913,4,141.903,14,141.901,3
1715247460547,1715247460495665000,GATE,SOLUSDT,141.943,19,141.944,22,141.947,15,141.949,3,141.95,14,141.952,11,141.954,71,141.957,16,141.96,1,141.961,14,141.937,3,141.929,4,141.926,2,141.925,3,141.922,15,141.916,14,141.913,4,141.903,14,141.901,3,141.899,9
1715247460636,1715247460605229000,GATE,SOLUSDT,141.943,33,141.944,22,141.947,15,141.949,3,141.95,14,141.952,11,141.954,71,141.957,16,141.96,1,141.961,14,141.938,1,141.937,3,141.926,2,141.925,6,141.922,15,141.917,12,141.916,14,141.913,4,141.903,14,141.901,3
1715247460766,1715247460700459000,GATE,SOLUSDT,141.927,19,141.935,11,141.937,3,141.942,6,141.943,33,141.944,11,141.947,15,141.949,3,141.95,14,141.952,11,141.926,1,141.925,3,141.922,15,141.917,12,141.916,14,141.913,4,141.903,14,141.901,3,141.899,9,141.892,2
1715247460849,1715247460799261000,GATE,SOLUSDT,141.927,19,141.932,13,141.935,11,141.937,3,141.942,6,141.943,33,141.944,11,141.947,15,141.948,1,141.949,3,141.926,1,141.925,3,141.922,15,141.917,12,141.916,14,141.913,4,141.903,14,141.901,3,141.899,9,141.892,2
1715247460904,1715247460901830000,GATE,SOLUSDT,141.927,19,141.932,13,141.935,11,141.937,3,141.942,6,141.943,33,141.944,11,141.947,15,141.948,1,141.949,3,141.926,1,141.925,3,141.922,15,141.917,12,141.916,14,141.913,4,141.903,14,141.901,3,141.899,9,141.892,2
1715247461051,1715247461008058000,GATE,SOLUSDT,141.927,19,141.932,13,141.934,1,141.935,11,141.937,3,141.942,6,141.943,32,141.944,11,141.947,15,141.948,1,141.926,1,141.925,3,141.922,15,141.917,8,141.916,14,141.913,4,141.903,14,141.901,3,141.899,9,141.892,2
1715247461140,1715247461096606000,GATE,SOLUSDT,141.927,19,141.932,13,141.934,1,141.935,11,141.937,3,141.942,2,141.943,32,141.944,11,141.947,15,141.948,1,141.926,1,141.925,3,141.923,5,141.922,15,141.917,8,141.916,14,141.913,4,141.903,14,141.901,3,141.899,9
1715247461254,1715247461200026000,GATE,SOLUSDT,141.934,11,141.937,3,141.942,2,141.943,4,141.944,11,141.946,1,141.947,15,141.949,3,141.951,28,141.952,11,141.926,13,141.925,3,141.923,5,141.922,15,141.917,8,141.916,14,141.913,4,141.903,14,141.901,3,141.899,9
1715247461358,1715247461294266000,GATE,SOLUSDT,141.945,1,141.946,1,141.947,18,141.948,11,141.949,3,141.951,14,141.952,11,141.955,29,141.956,3,141.957,16,141.939,1,141.938,3,141.937,9,141.927,15,141.925,16,141.923,5,141.922,15,141.917,8,141.916,14,141.913,4
1715247461439,1715247461397532000,GATE,SOLUSDT,141.945,12,141.946,4,141.947,15,141.949,3,141.95,2,141.951,14,141.952,11,141.955,29,141.956,3,141.957,16,141.939,1,141.938,3,141.937,9,141.928,22,141.927,3,141.925,16,141.923,5,141.922,15,141.917,8,141.916,14
1715247461549,1715247461495309000,GATE,SOLUSDT,141.942,3,141.943,6,141.944,29,141.945,11,141.947,15,141.949,3,141.95,2,141.951,15,141.952,11,141.954,71,141.937,3,141.927,3,141.925,16,141.923,5,141.922,15,141.917,8,141.916,14,141.913,4,141.901,3,141.899,9
1715247461663,1715247461605028000,GATE,SOLUSDT,141.938,3,141.939,15,141.94,1,141.941,5,141.942,4,141.943,4,141.944,29,141.945,11,141.947,15,141.949,3,141.937,3,141.925,3,141.924,3,141.923,5,141.922,15,141.917,8,141.916,14,141.913,4,141.901,3,141.899,9
1715247461765,1715247461704567000,GATE,SOLUSDT,141.937,33,141.938,19,141.94,3,141.941,4,141.942,4,141.943,21,141.944,11,141.947,15,141.949,3,141.95,2,141.925,3,141.922,15,141.917,8,141.916,14,141.913,4,141.901,3,141.899,9,141.894,9,141.893,7,141.891,3
1715247461866,1715247461804915000,GATE,SOLUSDT,141.934,15,141.935,2,141.936,14,141.937,32,141.938,15,141.94,3,141.941,4,141.942,4,141.943,21,141.944,11,141.926,1,141.925,3,141.922,15,141.917,8,141.916,14,141.913,4,141.904,14,141.901,3,141.899,9,141.894,9
1715247461943,1715247461897187000,GATE,SOLUSDT,141.933,19,141.934,15,141.935,1,141.936,11,141.937,32,141.94,3,141.941,4,141.942,4,141.943,4,141.944,11,141.926,1,141.925,3,141.922,15,141.917,8,141.916,14,141.913,4,141.905,14,141.904,14,141.901,3,141.899,9
1715247462059,1715247461994232000,GATE,SOLUSDT,141.929,48,141.932,4,141.934,15,141.936,11,141.937,7,141.939,1,141.94,3,141.941,4,141.942,4,141.943,4,141.926,1,141.925,3,141.922,15,141.916,14,141.913,4,141.905,14,141.904,14,141.901,3,141.899,9,141.894,9
1715247462122,1715247462095172000,GATE,SOLUSDT,141.929,17,141.932,7,141.934,15,141.935,2,141.936,11,141.937,3,141.939,28,141.94,3,141.941,5,141.942,4,141.926,1,141.925,3,141.922,15,141.917,16,141.916,14,141.913,4,141.905,14,141.904,14,141.901,3,141.899,9
1715247462251,1715247462193004000,GATE,SOLUSDT,141.929,11,141.932,3,141.933,1,141.934,15,141.935,2,141.936,11,141.937,3,141.939,28,141.941,4,141.942,4,141.927,10,141.926,1,141.925,3,141.923,16,141.922,15,141.916,14,141.913,4,141.905,14,141.904,14,141.901,3
1715247462362,1715247462298790000,GATE,SOLUSDT,141.937,3,141.942,11,141.943,1,141.944,11,141.947,15,141.949,3,141.951,29,141.952,11,141.954,74,141.955,36,141.931,1,141.93,8,141.929,5,141.928,3,141.925,3,141.923,16,141.922,15,141.916,14,141.913,4,141.905,14
1715247462469,1715247462405457000,GATE,SOLUSDT,141.931,1,141.936,12,141.937,3,141.941,3,141.942,13,141.944,11,141.947,15,141.949,3,141.95,16,141.951,29,141.93,7,141.929,5,141.928,3,141.925,3,141.923,16,141.922,15,141.916,14,141.913,4,141.905,14,141.904,14
1715247462553,1715247462497878000,GATE,SOLUSDT,141.931,1,141.936,12,141.937,3,141.94,1,141.941,3,141.942,13,141.944,11,141.947,15,141.949,3,141.95,16,141.93,2,141.928,3,141.925,3,141.923,12,141.922,15,141.916,14,141.913,4,141.905,10,141.904,14,141.901,3
1715247462591,1715247462596106000,GATE,SOLUSDT,141.931,12,141.936,12,141.937,3,141.94,1,141.941,3,141.942,2,141.944,11,141.947,15,141.949,3,141.95,16,141.93,7,141.928,3,141.925,3,141.923,12,141.922,15,141.916,14,141.913,4,141.905,10,141.904,14,141.901,3
1715247462770,1715247462708627000,GATE,SOLUSDT,141.931,12,141.936,12,141.937,3,141.94,1,141.941,3,141.942,2,141.944,11,141.947,15,141.949,3,141.95,16,141.93,7,141.928,3,141.925,3,141.922,30,141.916,14,141.913,4,141.905,10,141.901,3,141.899,9,141.898,10
1715247462852,1715247462793410000,GATE,SOLUSDT,141.931,12,141.936,11,141.937,3,141.94,1,141.941,3,141.942,2,141.943,1,141.944,11,141.947,15,141.949,3,141.93,7,141.928,3,141.925,3,141.923,22,141.922,30,141.916,14,141.913,4,141.905,10,141.901,10,141.899,9
1715247462955,1715247462902719000,GATE,SOLUSDT,141.931,12,141.936,11,141.937,3,141.94,1,141.941,3,141.942,2,141.943,1,141.944,11,141.947,15,141.949,3,141.927,1,141.926,9,141.925,6,141.923,22,141.922,30,141.916,14,141.913,4,141.905,10,141.901,3,141.899,9
1715247463063,1715247463001185000,GATE,SOLUSDT,141.931,12,141.935,2,141.936,11,141.937,3,141.94,14,141.941,17,141.942,2,141.944,11,141.947,15,141.949,3,141.927,1,141.926,9,141.925,3,141.923,22,141.922,15,141.916,14,141.913,4,141.905,10,141.901,3,141.899,9
1715247463166,1715247463105816000,GATE,SOLUSDT,141.926,2,141.928,3,141.929,15,141.93,16,141.933,1,141.934,17,141.935,16,141.936,11,141.937,3,141.944,11,141.925,3,141.922,15,141.916,14,141.913,4,141.905,10,141.901,3,141.899,9,141.894,9,141.893,7,141.891,3
1715247463276,1715247463213465000,GATE,SOLUSDT,141.926,52,141.928,3,141.929,1,141.93,4,141.933,17,141.934,17,141.936,11,141.937,3,141.944,11,141.947,15,141.925,3,141.922,15,141.917,17,141.916,14,141.913,4,141.905,10,141.901,3,141.899,9,141.896,16,141.894,9
1715247463331,1715247463305175000,GATE,SOLUSDT,141.926,52,141.928,3,141.929,1,141.93,4,141.933,14,141.934,17,141.936,11,141.937,3,141.944,11,141.947,15,141.925,3,141.922,15,141.917,17,141.916,14,141.913,4,141.905,10,141.901,3,141.899,9,141.896,16,141.894,9
1715247463437,1715247463400881000,GATE,SOLUSDT,141.926,52,141.928,3,141.929,1,141.93,4,141.933,14,141.934,17,141.936,11,141.937,3,141.944,11,141.947,15,141.925,3,141.922,15,141.917,17,141.916,14,141.913,4,141.905,10,141.901,3,141.899,9,141.896,16,141.894,9
1715247463536,1715247463496533000,GATE,SOLUSDT,141.926,52,141.928,3,141.929,1,141.93,4,141.933,14,141.936,11,141.937,3,141.944,11,141.947,15,141.949,3,141.925,3,141.922,15,141.917,17,141.916,14,141.913,4,141.905,10,141.901,3,141.899,9,141.896,16,141.894,9
1715247463629,1715247463595801000,GATE,SOLUSDT,141.926,36,141.928,3,141.929,1,141.932,1,141.935,1,141.936,11,141.937,3,141.943,28,141.944,11,141.947,15,141.925,3,141.922,15,141.917,17,141.916,14,141.913,4,141.905,10,141.901,3,141.899,9,141.896,16,141.894,9
1715247463741,1715247463694568000,GATE,SOLUSDT,141.926,36,141.928,3,141.929,1,141.932,1,141.935,1,141.936,11,141.937,3,141.943,28,141.944,11,141.947,15,141.925,3,141.922,15,141.917,17,141.916,14,141.913,4,141.905,10,141.901,3,141.899,9,141.896,16,141.894,9
1715247463775,1715247463793598000,GATE,SOLUSDT,141.926,36,141.928,3,141.929,1,141.932,1,141.935,1,141.936,11,141.937,3,141.943,28,141.944,11,141.947,15,141.925,3,141.922,15,141.917,17,141.916,14,141.913,4,141.905,10,141.901,3,141.899,9,141.896,16,141.894,9
1715247463874,1715247463897556000,GATE,SOLUSDT,141.926,36,141.928,3,141.929,1,141.932,1,141.935,1,141.936,11,141.937,3,141.94,2,141.943,28,141.944,11,141.925,3,141.922,15,141.917,17,141.916,14,141.913,4,141.905,10,141.901,3,141.899,9,141.896,16,141.894,9
1715247464044,1715247464006611000,GATE,SOLUSDT,141.926,36,141.928,3,141.929,1,141.934,1,141.936,11,141.937,3,141.938,14,141.939,1,141.94,2,141.943,14,141.925,3,141.922,15,141.917,17,141.916,14,141.913,4,141.905,10,141.901,3,141.899,9,141.896,16,141.894,9
1715247464138,1715247464122889000,GATE,SOLUSDT,141.926,36,141.929,1,141.934,1,141.936,11,141.937,3,141.938,14,141.939,1,141.94,2,141.943,14,141.944,11,141.925,3,141.922,15,141.917,17,141.916,14,141.913,4,141.905,10,141.901,3,141.899,9,141.896,16,141.894,9
1715247464247,1715247464202026000,GATE,SOLUSDT,141.929,1,141.933,11,141.934,1,141.935,2,141.936,3,141.937,3,141.939,1,141.942,14,141.943,14,141.944,11,141.926,6,141.925,3,141.922,18,141.917,17,141.916,14,141.913,4,141.905,10,141.901,3,141.899,9,141.896,16
1715247464371,1715247464304790000,GATE,SOLUSDT,141.929,12,141.933,11,141.934,1,141.935,2,141.936,3,141.937,3,141.939,1,141.942,14,141.943,29,141.944,11,141.926,6,141.925,3,141.922,18,141.917,17,141.916,14,141.914,14,141.913,4,141.905,10,141.901,3,141.899,9
1715247464455,1715247464392611000,GATE,SOLUSDT,141.929,12,141.933,12,141.934,1,141.935,2,141.936,3,141.937,3,141.942,14,141.943,29,141.944,11,141.947,15,141.926,6,141.925,3,141.922,18,141.917,17,141.916,14,141.914,14,141.913,4,141.905,10,141.901,3,141.899,9
1715247464549,1715247464496867000,GATE,SOLUSDT,141.927,1,141.928,6,141.929,11,141.933,12,141.934,1,141.935,2,141.936,3,141.937,3,141.942,14,141.943,29,141.925,3,141.922,15,141.917,17,141.916,14,141.914,14,141.913,4,141.905,10,141.901,3,141.899,9,141.894,9
1715247464645,1715247464607288000,GATE,SOLUSDT,141.926,4,141.927,1,141.928,21,141.929,11,141.932,11,141.933,1,141.934,15,141.935,2,141.936,3,141.937,3,141.925,3,141.922,15,141.917,17,141.916,14,141.914,14,141.913,4,141.905,10,141.901,3,141.899,9,141.894,9
1715247464771,1715247464706655000,GATE,SOLUSDT,141.932,1,141.934,1,141.937,3,141.941,14,141.942,14,141.943,29,141.947,15,141.949,3,141.952,11,141.954,71,141.931,10,141.926,1,141.925,3,141.923,11,141.922,15,141.917,17,141.916,14,141.914,14,141.913,4,141.905,10
1715247464860,1715247464801143000,GATE,SOLUSDT,141.936,1,141.937,3,141.939,3,141.94,11,141.941,14,141.942,14,141.943,29,141.947,15,141.948,3,141.949,3,141.931,10,141.926,1,141.925,3,141.924,4,141.923,11,141.922,15,141.917,17,141.916,14,141.914,14,141.913,4
1715247464964,1715247464904395000,GATE,SOLUSDT,141.932,1,141.935,1,141.937,3,141.939,3,141.94,11,141.941,14,141.942,14,141.943,29,141.947,15,141.948,3,141.931,10,141.925,3,141.924,4,141.923,11,141.922,15,141.917,17,141.916,14,141.914,14,141.913,4,141.905,10
1715247465060,1715247464995961000,GATE,SOLUSDT,141.933,13,141.935,1,141.937,3,141.94,25,141.941,5,141.943,29,141.947,15,141.949,3,141.952,11,141.954,71,141.932,2,141.931,10,141.925,3,141.924,4,141.923,11,141.922,15,141.917,17,141.916,14,141.914,14,141.913,4
1715247465155,1715247465101194000,GATE,SOLUSDT,141.933,2,141.936,11,141.937,3,141.939,1,141.94,11,141.941,5,141.943,29,141.946,14,141.947,15,141.949,3,141.932,2,141.931,10,141.925,3,141.924,4,141.923,11,141.922,15,141.917,17,141.916,14,141.914,14,141.913,4
1715247465254,1715247465201254000,GATE,SOLUSDT,141.933,12,141.936,1,141.937,3,141.939,1,141.94,11,141.941,5,141.943,29,141.946,14,141.947,15,141.949,3,141.932,2,141.931,10,141.925,3,141.924,4,141.923,11,141.922,15,141.917,17,141.916,14,141.914,14,141.913,4
1715247465375,1715247465307936000,GATE,SOLUSDT,141.933,12,141.936,1,141.937,3,141.939,1,141.94,11,141.941,5,141.943,29,141.946,14,141.947,15,141.949,3,141.932,3,141.925,6,141.924,4,141.923,11,141.922,15,141.917,17,141.916,14,141.914,14,141.913,4,141.905,10
1715247465460,1715247465394043000,GATE,SOLUSDT,141.933,12,141.936,1,141.937,3,141.939,1,141.94,11,141.941,5,141.943,29,141.947,15,141.949,3,141.952,11,141.932,3,141.926,8,141.925,3,141.924,4,141.923,11,141.922,15,141.917,17,141.916,14,141.914,14,141.913,4
1715247465561,1715247465498024000,GATE,SOLUSDT,141.933,12,141.936,1,141.94,11,141.941,5,141.942,14,141.943,29,141.947,15,141.949,3,141.952,11,141.954,71,141.932,8,141.926,8,141.925,7,141.924,4,141.923,11,141.922,15,141.917,17,141.916,14,141.914,14,141.913,4
1715247465661,1715247465607186000,GATE,SOLUSDT,141.94,11,141.943,14,141.946,2,141.947,15,141.948,14,141.949,3,141.954,71,141.957,16,141.961,14,141.962,13,141.939,10,141.937,3,141.933,11,141.932,3,141.926,11,141.925,7,141.924,4,141.923,11,141.922,15,141.917,17
1715247465774,1715247465715268000,GATE,SOLUSDT,141.939,16,141.94,25,141.946,1,141.947,15,141.948,25,141.949,3,141.954,71,141.957,16,141.958,13,141.961,14,141.937,3,141.933,1,141.932,3,141.926,11,141.925,3,141.923,11,141.922,15,141.917,17,141.916,14,141.914,14
1715247465793,1715247465800780000,GATE,SOLUSDT,141.939,16,141.94,25,141.946,1,141.947,15,141.948,25,141.949,3,141.954,71,141.957,16,141.958,13,141.961,14,141.937,3,141.933,1,141.932,3,141.926,11,141.925,3,141.923,11,141.922,15,141.917,17,141.916,14,141.914,14
1715247465964,1715247465904452000,GATE,SOLUSDT,141.939,17,141.94,25,141.947,15,141.948,25,141.949,3,141.954,71,141.957,16,141.958,13,141.961,17,141.962,17,141.937,3,141.932,3,141.93,4,141.926,11,141.925,3,141.923,11,141.922,15,141.917,17,141.916,14,141.914,14
1715247466045,1715247465993579000,GATE,SOLUSDT,141.938,47,141.939,5,141.94,11,141.945,1,141.947,15,141.948,11,141.949,3,141.954,71,141.957,16,141.958,13,141.937,3,141.926,8,141.925,3,141.923,11,141.922,15,141.917,17,141.916,14,141.914,14,141.913,4,141.905,10
1715247466148,1715247466105432000,GATE,SOLUSDT,141.938,47,141.939,5,141.94,11,141.945,1,141.947,15,141.948,11,141.949,3,141.954,71,141.957,16,141.958,13,141.937,3,141.925,3,141.923,11,141.922,15,141.917,17,141.916,14,141.914,14,141.913,4,141.905,10,141.901,3
1715247466264,1715247466213004000,GATE,SOLUSDT,141.938,47,141.939,19,141.94,11,141.946,1,141.947,15,141.948,11,141.949,3,141.954,71,141.957,16,141.961,17,141.937,3,141.925,3,141.923,11,141.922,15,141.917,17,141.916,14,141.914,14,141.913,4,141.905,10,141.901,3
1715247466361,1715247466296518000,GATE,SOLUSDT,141.938,51,141.939,19,141.94,11,141.947,15,141.948,11,141.949,3,141.954,71,141.957,16,141.961,17,141.962,17,141.937,3,141.925,3,141.923,11,141.922,15,141.917,17,141.916,14,141.914,14,141.913,4,141.905,10,141.901,3
1715247466461,1715247466397344000,GATE,SOLUSDT,141.924,8,141.926,4,141.937,4,141.938,47,141.939,18,141.94,11,141.946,1,141.947,15,141.948,11,141.949,3,141.922,15,141.916,14,141.913,4,141.901,3,141.899,9,141.894,9,141.891,1,141.89,7,141.889,3,141.887,7
1715247466562,1715247466502819000,GATE,SOLUSDT,141.923,19,141.924,11,141.929,14,141.93,3,141.937,5,141.938,21,141.939,19,141.94,11,141.944,3,141.947,15,141.922,18,141.916,14,141.914,3,141.913,4,141.905,15,141.901,3,141.894,9,141.89,7,141.889,3,141.887,7
1715247466659,1715247466604134000,GATE,SOLUSDT,141.923,17,141.924,11,141.93,3,141.936,14,141.937,5,141.938,21,141.939,18,141.94,11,141.943,1,141.944,3,141.922,18,141.916,14,141.914,3,141.913,4,141.906,16,141.905,15,141.901,3,141.894,9,141.89,7,141.889,3
1715247466751,1715247466697016000,GATE,SOLUSDT,141.923,16,141.924,11,141.93,3,141.935,1,141.936,14,141.937,5,141.938,21,141.939,18,141.94,11,141.943,1,141.922,18,141.916,14,141.914,3,141.913,4,141.906,9,141.905,15,141.901,3,141.894,9,141.89,7,141.889,3
1715247466856,1715247466806300000,GATE,SOLUSDT,141.923,17,141.924,11,141.93,3,141.936,14,141.937,5,141.938,21,141.939,18,141.94,11,141.943,1,141.947,15,141.922,18,141.916,14,141.914,3,141.913,4,141.905,15,141.901,3,141.894,9,141.89,7,141.889,3,141.887,7
1715247466912,1715247466892383000,GATE,SOLUSDT,141.923,16,141.924,11,141.929,1,141.93,3,141.936,14,141.937,5,141.938,21,141.939,18,141.94,11,141.943,1,141.922,18,141.916,14,141.914,3,141.913,1,141.906,10,141.905,15,141.901,3,141.894,9,141.89,7,141.889,3
1715247467057,1715247466995026000,GATE,SOLUSDT,141.923,16,141.924,11,141.929,15,141.93,3,141.936,14,141.937,5,141.938,7,141.939,14,141.94,11,141.946,1,141.922,18,141.916,14,141.914,3,141.913,1,141.906,10,141.905,15,141.901,3,141.894,9,141.89,7,141.889,3
1715247467137,1715247467094434000,GATE,SOLUSDT,141.923,1,141.924,11,141.928,11,141.93,3,141.934,1,141.935,14,141.936,14,141.937,5,141.938,7,141.939,14,141.922,18,141.916,14,141.914,3,141.913,1,141.906,10,141.905,15,141.901,3,141.894,9,141.891,1,141.89,7
1715247467211,1715247467202427000,GATE,SOLUSDT,141.923,12,141.924,11,141.929,1,141.93,3,141.935,14,141.936,14,141.937,3,141.938,7,141.939,14,141.94,11,141.922,18,141.916,14,141.914,3,141.913,1,141.906,10,141.905,15,141.894,9,141.891,1,141.89,10,141.889,3
1715247467369,1715247467308082000,GATE,SOLUSDT,141.923,1,141.924,11,141.928,11,141.929,1,141.93,5,141.935,14,141.936,14,141.937,3,141.938,7,141.939,14,141.922,18,141.916,14,141.914,3,141.913,1,141.906,10,141.905,15,141.894,9,141.891,1,141.89,10,141.889,3
1715247467468,1715247467405730000,GATE,SOLUSDT,141.923,1,141.924,11,141.927,11,141.93,3,141.931,3,141.933,14,141.934,1,141.935,14,141.937,3,141.938,7,141.922,18,141.916,14,141.914,3,141.913,1,141.906,10,141.905,15,141.898,3,141.894,9,141.891,3,141.89,10
1715247467557,1715247467494459000,GATE,SOLUSDT,141.923,32,141.924,11,141.926,14,141.93,3,141.931,3,141.938,7,141.939,14,141.94,11,141.946,3,141.947,15,141.922,18,141.916,14,141.914,3,141.913,1,141.906,10,141.898,3,141.894,9,141.891,3,141.89,10,141.887,7
1715247467629,1715247467594977000,GATE,SOLUSDT,141.923,32,141.924,11,141.925,1,141.926,14,141.93,3,141.931,3,141.937,2,141.938,7,141.939,14,141.94,11,141.922,18,141.916,14,141.914,3,141.913,1,141.906,10,141.898,3,141.894,9,141.891,17,141.89,10,141.887,7
1715247467756,1715247467696104000,GATE,SOLUSDT,141.923,19,141.924,11,141.929,11,141.93,3,141.936,15,141.937,2,141.938,7,141.939,14,141.94,11,141.946,3,141.922,18,141.916,14,141.914,3,141.913,1,141.906,13,141.898,3,141.894,9,141.891,17,141.89,10,141.887,7
1715247467845,1715247467792923000,GATE,SOLUSDT,141.923,19,141.924,11,141.929,11,141.93,3,141.936,15,141.937,2,141.938,7,141.939,14,141.94,11,141.946,3,141.922,17,141.916,14,141.914,3,141.913,1,141.906,13,141.898,3,141.894,9,141.891,17,141.89,10,141.887,7
1715247467967,1715247467907136000,GATE,SOLUSDT,141.923,46,141.924,26,141.93,3,141.936,1,141.938,7,141.939,14,141.94,11,141.946,3,141.948,11,141.954,74,141.922,14,141.916,14,141.914,3,141.913,1,141.906,13,141.898,3,141.894,9,141.891,15,141.89,10,141.887,7
1715247468060,1715247468000096000,GATE,SOLUSDT,141.923,50,141.924,26,141.929,1,141.93,3,141.938,3,141.939,14,141.94,11,141.946,3,141.948,11,141.954,74,141.922,14,141.916,14,141.914,3,141.913,1,141.906,13,141.898,3,141.894,9,141.891,15,141.89,10,141.887,7
1715247468130,1715247468095551000,GATE,SOLUSDT,141.923,50,141.924,26,141.929,1,141.93,3,141.938,20,141.939,14,141.94,11,141.946,3,141.948,11,141.954,74,141.922,14,141.916,14,141.914,3,141.913,1,141.906,13,141.898,3,141.894,9,141.891,15,141.89,10,141.887,7
1715247468232,1715247468197935000,GATE,SOLUSDT,141.923,50,141.924,26,141.925,3,141.929,1,141.93,3,141.938,20,141.939,14,141.94,11,141.946,3,141.948,11,141.922,17,141.916,14,141.914,3,141.913,1,141.906,13,141.898,3,141.894,9,141.891,15,141.89,10,141.887,7
1715247468367,1715247468307272000,GATE,SOLUSDT,141.923,36,141.924,26,141.925,3,141.928,14,141.929,1,141.93,3,141.938,20,141.939,14,141.94,11,141.946,3,141.922,17,141.916,14,141.914,3,141.913,1,141.906,13,141.898,3,141.894,9,141.891,15,141.89,10,141.887,7
1715247468463,1715247468400142000,GATE,SOLUSDT,141.923,36,141.924,40,141.925,13,141.937,1,141.938,20,141.939,14,141.94,11,141.946,3,141.948,11,141.951,36,141.922,14,141.916,14,141.914,3,141.913,1,141.906,13,141.898,3,141.894,9,141.891,15,141.89,10,141.887,7
1715247468502,1715247468505806000,GATE,SOLUSDT,141.923,50,141.924,26,141.925,13,141.937,1,141.938,20,141.939,14,141.94,11,141.946,3,141.948,11,141.951,36,141.922,14,141.916,14,141.914,3,141.913,1,141.906,13,141.898,3,141.894,9,141.891,15,141.89,10,141.887,7
1715247468616,1715247468601193000,GATE,SOLUSDT,141.923,50,141.924,26,141.925,13,141.937,1,141.938,20,141.939,14,141.94,11,141.946,3,141.948,11,141.954,74,141.922,14,141.916,14,141.914,3,141.913,1,141.906,3,141.898,3,141.894,9,141.891,15,141.89,10,141.887,7
1715247468756,1715247468701367000,GATE,SOLUSDT,141.923,62,141.924,26,141.925,13,141.937,1,141.938,17,141.939,14,141.94,11,141.946,3,141.948,11,141.954,74,141.922,14,141.916,14,141.913,4,141.906,3,141.898,3,141.894,9,141.891,14,141.89,10,141.887,7,141.886,2
1715247468858,1715247468796038000,GATE,SOLUSDT,141.923,25,141.924,26,141.925,13,141.935,12,141.936,14,141.937,1,141.938,17,141.939,14,141.94,11,141.946,3,141.922,14,141.916,14,141.913,4,141.906,3,141.898,3,141.894,9,141.891,14,141.89,10,141.887,7,141.886,2
1715247468949,1715247468896043000,GATE,SOLUSDT,141.923,23,141.924,26,141.925,13,141.935,12,141.936,14,141.937,1,141.938,17,141.939,14,141.94,11,141.944,3,141.922,14,141.916,14,141.913,4,141.898,3,141.894,9,141.891,14,141.89,10,141.887,7,141.886,2,141.882,3
1715247469048,1715247469002408000,GATE,SOLUSDT,141.923,11,141.924,26,141.925,13,141.934,14,141.935,12,141.936,14,141.937,1,141.938,17,141.939,14,141.94,11,141.922,14,141.916,14,141.913,4,141.898,3,141.894,9,141.891,14,141.89,10,141.887,7,141.886,2,141.882,3
1715247469175,1715247469110993000,GATE,SOLUSDT,141.923,5,141.924,15,141.925,10,141.934,14,141.935,12,141.936,14,141.937,1,141.938,17,141.939,14,141.94,11,141.922,14,141.916,14,141.913,4,141.898,3,141.894,9,141.891,14,141.89,10,141.887,7,141.886,2,141.882,3
1715247469260,1715247469201714000,GATE,SOLUSDT,141.923,5,141.924,15,141.925,3,141.93,2,141.931,11,141.937,3,141.938,17,141.939,14,141.94,11,141.943,14,141.922,19,141.917,12,141.916,14,141.913,4,141.91,16,141.898,3,141.894,9,141.892,1,141.89,10,141.887,7
1715247469359,1715247469310367000,GATE,SOLUSDT,141.923,12,141.924,15,141.925,3,141.93,2,141.931,11,141.937,4,141.938,17,141.939,14,141.94,11,141.943,14,141.922,19,141.917,12,141.916,14,141.913,4,141.91,16,141.898,3,141.894,9,141.892,1,141.891,2,141.89,10
1715247469466,1715247469407459000,GATE,SOLUSDT,141.923,12,141.924,15,141.925,3,141.93,2,141.931,11,141.937,15,141.938,17,141.939,14,141.94,11,141.943,14,141.922,19,141.917,12,141.916,14,141.913,4,141.91,16,141.898,3,141.894,9,141.892,1,141.891,2,141.89,10
1715247469510,1715247469498456000,GATE,SOLUSDT,141.923,12,141.924,15,141.925,3,141.93,2,141.931,11,141.937,15,141.939,14,141.94,11,141.943,14,141.944,3,141.922,19,141.917,12,141.916,14,141.913,4,141.91,16,141.894,9,141.892,1,141.891,2,141.89,10,141.889,3
1715247469732,1715247469694153000,GATE,SOLUSDT,141.923,12,141.924,15,141.925,3,141.93,2,141.931,11,141.937,15,141.939,14,141.94,11,141.943,14,141.944,3,141.922,19,141.917,12,141.916,14,141.913,4,141.91,16,141.894,9,141.892,1,141.891,2,141.89,10,141.889,3
1715247469833,1715247469806807000,GATE,SOLUSDT,141.923,1,141.924,15,141.925,3,141.93,2,141.931,11,141.937,15,141.939,14,141.94,11,141.943,14,141.944,3,141.922,19,141.917,12,141.916,14,141.913,4,141.91,16,141.901,3,141.894,9,141.892,1,141.891,2,141.89,7
1715247469919,1715247469904634000,GATE,SOLUSDT,141.923,1,141.924,15,141.925,3,141.93,2,141.931,11,141.937,15,141.939,14,141.94,11,141.943,14,141.944,3,141.922,19,141.917,12,141.916,14,141.913,4,141.91,16,141.901,3,141.894,9,141.892,1,141.891,2,141.89,7
1715247470058,1715247469996634000,GATE,SOLUSDT,141.923,12,141.924,15,141.925,3,141.93,16,141.931,11,141.936,16,141.937,14,141.939,14,141.94,11,141.944,3,141.922,19,141.917,12,141.916,14,141.913,4,141.91,16,141.901,3,141.894,9,141.892,1,141.891,2,141.89,7
1715247470118,1715247470101592000,GATE,SOLUSDT,141.923,12,141.924,15,141.925,3,141.931,11,141.934,1,141.935,14,141.936,15,141.937,14,141.939,14,141.94,11,141.922,19,141.917,12,141.916,14,141.913,4,141.91,16,141.901,3,141.894,9,141.892,1,141.891,2,141.89,7
1715247470238,1715247470206308000,GATE,SOLUSDT,141.923,12,141.924,15,141.925,3,141.93,2,141.931,11,141.934,1,141.935,14,141.936,14,141.937,14,141.939,14,141.922,19,141.917,12,141.916,14,141.913,4,141.91,16,141.901,3,141.894,9,141.892,1,141.891,2,141.89,7
1715247470339,1715247470299613000,GATE,SOLUSDT,141.923,12,141.924,15,141.925,3,141.93,2,141.931,11,141.934,1,141.935,14,141.936,14,141.937,14,141.939,14,141.922,19,141.917,12,141.916,14,141.913,4,141.91,16,141.901,3,141.894,9,141.892,1,141.891,2,141.89,7
1715247470464,1715247470409252000,GATE,SOLUSDT,141.924,15,141.93,2,141.935,14,141.937,14,141.939,28,141.942,1,141.943,1,141.944,3,141.948,12,141.949,3,141.922,19,141.917,12,141.916,14,141.913,4,141.91,16,141.901,3,141.894,9,141.892,1,141.891,2,141.89,7
1715247470545,1715247470508419000,GATE,SOLUSDT,141.924,15,141.931,2,141.935,14,141.937,14,141.939,28,141.942,1,141.943,1,141.944,3,141.948,12,141.949,3,141.923,31,141.922,14,141.916,14,141.913,4,141.911,17,141.91,16,141.901,3,141.894,9,141.892,1,141.891,2
1715247470652,1715247470592484000,GATE,SOLUSDT,141.924,15,141.931,2,141.935,14,141.937,14,141.939,28,141.942,1,141.943,1,141.944,3,141.948,12,141.949,3,141.923,12,141.922,14,141.917,16,141.916,14,141.913,4,141.911,19,141.91,16,141.901,3,141.894,9,141.892,1
1715247470695,1715247470710169000,GATE,SOLUSDT,141.924,15,141.925,3,141.931,2,141.935,14,141.937,14,141.939,28,141.94,11,141.942,1,141.943,1,141.944,3,141.923,12,141.922,14,141.917,16,141.916,14,141.913,4,141.911,19,141.91,16,141.901,3,141.894,9,141.892,1
1715247470852,1715247470797630000,GATE,SOLUSDT,141.924,15,141.931,2,141.935,14,141.937,14,141.939,14,141.942,1,141.943,1,141.944,3,141.947,14,141.948,12,141.923,15,141.922,14,141.917,16,141.916,14,141.913,4,141.911,19,141.91,16,141.901,3,141.894,9,141.892,1
1715247470964,1715247470908928000,GATE,SOLUSDT,141.935,14,141.943,1,141.948,1,141.949,3,141.951,11,141.952,36,141.954,10,141.956,15,141.957,16,141.958,3,141.934,4,141.93,14,141.925,3,141.924,23,141.923,4,141.922,14,141.916,14,141.913,4,141.911,19,141.91,16
1715247471060,1715247470997760000,GATE,SOLUSDT,141.946,1,141.947,14,141.948,1,141.949,3,141.95,15,141.951,14,141.954,10,141.955,11,141.957,16,141.958,3,141.938,6,141.937,3,141.935,38,141.934,4,141.932,14,141.931,4,141.93,8,141.927,4,141.926,4,141.925,20
1715247471170,1715247471104491000,GATE,SOLUSDT,141.946,28,141.947,14,141.948,1,141.949,3,141.951,14,141.954,10,141.955,11,141.957,16,141.958,3,141.961,3,141.942,1,141.941,5,141.939,2,141.937,3,141.935,20,141.934,4,141.932,14,141.931,4,141.93,8,141.925,20
1715247471242,1715247471206930000,GATE,SOLUSDT,141.946,28,141.947,14,141.948,1,141.949,3,141.951,14,141.954,10,141.955,11,141.957,16,141.958,3,141.961,3,141.942,6,141.939,2,141.937,3,141.935,3,141.934,4,141.933,9,141.932,14,141.931,4,141.93,8,141.925,20
1715247471370,1715247471306321000,GATE,SOLUSDT,141.938,4,141.942,5,141.943,15,141.944,1,141.945,4,141.946,14,141.948,1,141.949,3,141.951,11,141.954,10,141.937,3,141.932,14,141.925,20,141.924,1,141.923,1,141.922,14,141.916,14,141.913,4,141.901,3,141.9,7
1715247471447,1715247471405474000,GATE,SOLUSDT,141.938,29,141.944,14,141.945,1,141.946,14,141.948,1,141.949,3,141.953,1,141.954,10,141.955,11,141.957,16,141.937,8,141.933,10,141.925,20,141.924,1,141.923,1,141.922,14,141.916,14,141.913,4,141.901,3,141.9,7
1715247471562,1715247471514860000,GATE,SOLUSDT,141.938,29,141.945,1,141.948,1,141.949,3,141.952,14,141.954,10,141.957,16,141.96,1,141.961,3,141.962,26,141.937,8,141.934,13,141.933,10,141.925,20,141.924,1,141.923,1,141.922,14,141.916,14,141.913,4,141.901,3
1715247471649,1715247471593042000,GATE,SOLUSDT,141.938,29,141.945,1,141.948,1,141.949,3,141.952,14,141.954,10,141.957,16,141.959,2,141.961,3,141.962,26,141.937,8,141.934,13,141.933,10,141.925,20,141.924,1,141.923,1,141.922,14,141.916,14,141.913,4,141.901,3
1715247471757,1715247471700292000,GATE,SOLUSDT,141.938,11,141.948,15,141.949,3,141.952,14,141.953,1,141.954,11,141.957,16,141.959,2,141.961,3,141.962,26,141.937,8,141.934,13,141.933,10,141.925,20,141.924,1,141.923,1,141.922,14,141.916,14,141.913,4,141.901,3
