timestamp,local_timestamp,exchange,symbol,ask_1_price,ask_1_qty,ask_2_price,ask_2_qty,ask_3_price,ask_3_qty,ask_4_price,ask_4_qty,ask_5_price,ask_5_qty,ask_6_price,ask_6_qty,ask_7_price,ask_7_qty,ask_8_price,ask_8_qty,ask_9_price,ask_9_qty,ask_10_price,ask_10_qty,bid_1_price,bid_1_qty,bid_2_price,bid_2_qty,bid_3_price,bid_3_qty,bid_4_price,bid_4_qty,bid_5_price,bid_5_qty,bid_6_price,bid_6_qty,bid_7_price,bid_7_qty,bid_8_price,bid_8_qty,bid_9_price,bid_9_qty,bid_10_price,bid_10_qty
1715247432766,1715247432718040000,GATE,BNBUSDT,595.4,12.843,595.45,7.254,595.5,11.008,595.55,11.8,595.6,8.915,595.65,17.692,595.7,16.475,595.75,28.599,595.8,31.887,595.85,22.05,595.3,5.929,595.25,3.94,595.2,4.678,595.1,3.281,595.05,4.397,595,3.75,594.95,15.331,594.9,16.474,594.85,10.995,594.8,7.334
1715247432865,1715247432812702000,GATE,BNBUSDT,595.2,3.25,595.25,5.716,595.3,1.929,595.35,13.463,595.4,14.282,595.45,17.155,595.5,11.127,595.55,25.478,595.6,15.564,595.65,14.969,595.15,3.07,595,1.026,594.95,0.001,594.9,1.826,594.85,9.977,594.8,1.042,594.75,8.265,594.7,5.438,594.65,8.689,594.6,7.722
1715247432961,1715247432907655000,GATE,BNBUSDT,595.1,6.712,595.2,11.401,595.25,11.474,595.3,7.858,595.35,14.829,595.4,14.107,595.45,11.727,595.5,17.847,595.55,30.414,595.6,18.399,595.05,4.397,595,1.026,594.95,0.041,594.9,0.085,594.8,2.728,594.75,14.993,594.7,2.733,594.65,11.284,594.6,7.722,594.55,12.889
1715247433064,1715247433017665000,GATE,BNBUSDT,595.1,3.554,595.15,1.933,595.2,8.751,595.25,11.474,595.3,10.577,595.35,26.592,595.4,12.945,595.45,14.45,595.5,17.847,595.55,19.817,595.05,4.397,595,1.026,594.95,0.041,594.9,0.085,594.85,2.723,594.8,4.472,594.75,9.143,594.7,2.733,594.65,8.689,594.6,14.452
1715247433163,1715247433227627000,GATE,BNBUSDT,595.1,10.804,595.15,6.562,595.2,8.751,595.25,11.474,595.3,7.854,595.35,26.592,595.4,12.945,595.45,14.45,595.5,17.847,595.55,19.817,595.05,4.397,595,1.026,594.95,0.041,594.9,0.085,594.85,2.723,594.8,2.728,594.75,8.265,594.7,2.733,594.65,8.689,594.6,7.722
1715247433268,1715247433227878000,GATE,BNBUSDT,595.1,10.804,595.15,6.562,595.2,8.751,595.25,11.474,595.3,10.577,595.35,26.592,595.4,12.945,595.45,14.45,595.5,17.847,595.55,19.85,595.05,1.147,595,1.026,594.95,0.041,594.9,0.085,594.85,2.723,594.8,6.978,594.75,8.265,594.7,6.983,594.65,8.689,594.6,7.722
1715247433329,1715247433307400000,GATE,BNBUSDT,595.1,7.554,595.15,6.562,595.2,8.751,595.25,11.474,595.3,10.577,595.35,26.592,595.4,12.945,595.45,14.45,595.5,17.847,595.55,19.85,595.05,7.125,595,1.026,594.95,0.041,594.9,0.085,594.85,2.723,594.8,6.978,594.75,8.265,594.7,6.983,594.65,8.689,594.6,7.722
1715247433412,1715247433407219000,GATE,BNBUSDT,595.1,7.554,595.15,4.971,595.2,8.751,595.25,11.474,595.3,12.808,595.35,26.592,595.4,12.945,595.45,14.45,595.5,17.847,595.55,21.034,595.05,7.125,595,1.026,594.95,0.041,594.9,0.085,594.85,2.723,594.8,7.488,594.75,8.265,594.7,6.983,594.65,8.689,594.6,7.722
1715247433572,1715247433517765000,GATE,BNBUSDT,595.15,1.933,595.2,2.046,595.25,10.67,595.3,10.103,595.35,24.146,595.4,12.945,595.45,14.45,595.5,17.847,595.55,19.872,595.6,17.684,595.1,3.25,595.05,7.125,595,1.026,594.95,0.041,594.9,0.085,594.85,2.723,594.8,7.488,594.75,8.265,594.7,6.983,594.65,8.689
1715247433665,1715247433609710000,GATE,BNBUSDT,595.2,3.613,595.25,11.852,595.3,7.38,595.35,21.423,595.4,15.647,595.45,11.2,595.5,21.393,595.55,19.872,595.6,17.684,595.65,14.384,595.15,1.076,595.1,11.477,595.05,5.978,595,1.026,594.95,0.041,594.9,0.085,594.85,5.973,594.8,7.488,594.75,8.265,594.7,6.983
1715247433762,1715247433706696000,GATE,BNBUSDT,595.2,1.682,595.25,5.33,595.3,2.231,595.35,10.61,595.4,15.647,595.45,22.962,595.5,14.542,595.55,19.872,595.6,24.403,595.65,14.384,595.15,8.422,595.1,11.346,595.05,2.728,595,1.026,594.95,2.761,594.9,7.055,594.85,5.973,594.8,7.488,594.75,14.993,594.7,9.685
1715247433854,1715247433797825000,GATE,BNBUSDT,595.2,1.68,595.25,5.33,595.3,3.751,595.35,11.003,595.4,18.367,595.45,22.962,595.5,15.095,595.55,19.872,595.6,24.403,595.65,14.384,595.15,8.422,595.1,11.346,595.05,2.728,595,1.026,594.95,2.761,594.9,7.055,594.85,8.25,594.8,9.201,594.75,16.662,594.7,9.685
1715247433951,1715247433903922000,GATE,BNBUSDT,595.2,0.553,595.25,3.401,595.3,1.933,595.35,10.329,595.4,8.689,595.45,14.706,595.5,11.127,595.55,31.632,595.6,24.403,595.65,14.384,595.15,12.422,595.1,4,595.05,2.728,595,1.026,594.95,6.011,594.9,7.055,594.85,8.25,594.8,9.201,594.75,16.662,594.7,9.685
1715247434060,1715247433996721000,GATE,BNBUSDT,595.3,0.004,595.35,4,595.4,4,595.45,5.321,595.5,11.587,595.55,22.262,595.6,14.979,595.65,14.894,595.7,25.313,595.75,20.032,595.2,22.267,595.15,13.459,595.1,4,595.05,2.728,595,5.026,594.95,6.011,594.9,7.055,594.85,8.25,594.8,9.201,594.75,16.662
1715247434152,1715247434096450000,GATE,BNBUSDT,595.35,11.952,595.4,5.02,595.45,5.803,595.5,8.885,595.55,27.187,595.6,18.229,595.65,13.498,595.7,25.313,595.75,19.992,595.8,16.736,595.3,4.157,595.25,12.954,595.2,4,595.15,4,595.1,4,595.05,5.448,595,11.996,594.95,8.288,594.9,7.055,594.85,10.952
1715247434269,1715247434208736000,GATE,BNBUSDT,595.35,5.633,595.4,4.004,595.45,6.558,595.5,8.885,595.55,37.714,595.6,18.229,595.65,11.679,595.7,25.346,595.75,19.992,595.8,16.736,595.3,4.157,595.25,12.954,595.2,4,595.15,6.277,595.1,6.72,595.05,5.448,595,11.996,594.95,8.288,594.9,7.055,594.85,10.952
1715247434350,1715247434300032000,GATE,BNBUSDT,595.35,5.633,595.4,4.004,595.45,10.249,595.5,8.885,595.55,37.714,595.6,14.303,595.65,11.679,595.7,25.346,595.75,19.992,595.8,16.736,595.3,4.157,595.25,12.954,595.2,4,595.15,6.317,595.1,6.72,595.05,5.448,595,11.996,594.95,8.248,594.9,7.055,594.85,10.952
1715247434458,1715247434403601000,GATE,BNBUSDT,595.35,8.883,595.4,4.004,595.45,10.249,595.5,14.41,595.55,29.874,595.6,14.303,595.65,11.679,595.7,25.346,595.75,19.992,595.8,16.736,595.3,1.369,595.25,12.954,595.2,4,595.15,6.277,595.1,6.759,595.05,5.448,595,11.996,594.95,8.248,594.9,7.055,594.85,10.952
1715247434547,1715247434513288000,GATE,BNBUSDT,595.35,5.633,595.4,4.004,595.45,10.249,595.5,14.41,595.55,29.874,595.6,14.303,595.65,11.679,595.7,25.346,595.75,19.992,595.8,16.736,595.3,7.346,595.25,12.954,595.2,4,595.15,6.316,595.1,6.72,595.05,5.448,595,11.996,594.95,8.248,594.9,7.055,594.85,10.952
1715247434652,1715247434604958000,GATE,BNBUSDT,595.35,3.704,595.4,5.933,595.45,8.091,595.5,8.885,595.55,29.874,595.6,14.303,595.65,11.679,595.7,25.313,595.75,19.992,595.8,16.769,595.3,4.096,595.25,12.954,595.2,4,595.15,6.316,595.1,6.72,595.05,5.448,595,11.996,594.95,8.248,594.9,7.055,594.85,10.952
1715247434750,1715247434705901000,GATE,BNBUSDT,595.35,3.704,595.4,5.933,595.45,8.091,595.5,13.822,595.55,29.874,595.6,14.303,595.65,11.679,595.7,25.313,595.75,19.992,595.8,16.736,595.3,7.346,595.25,12.954,595.2,4,595.15,6.316,595.1,6.72,595.05,5.448,595,11.996,594.95,8.248,594.9,7.055,594.85,10.952
1715247434847,1715247434803978000,GATE,BNBUSDT,595.35,3.704,595.4,5.933,595.45,8.091,595.5,13.822,595.55,29.874,595.6,10.888,595.65,11.679,595.7,25.313,595.75,19.992,595.8,16.736,595.3,4.096,595.25,12.954,595.2,4,595.15,6.316,595.1,6.72,595.05,5.448,595,11.996,594.95,8.248,594.9,7.055,594.85,10.952
1715247434884,1715247434906196000,GATE,BNBUSDT,595.35,3.704,595.4,5.933,595.45,8.091,595.5,13.822,595.55,29.874,595.6,10.888,595.65,11.679,595.7,25.313,595.75,19.992,595.8,16.736,595.3,4.096,595.25,12.954,595.2,4,595.15,6.316,595.1,6.72,595.05,5.448,595,11.996,594.95,8.248,594.9,7.055,594.85,10.952
1715247435058,1715247434994687000,GATE,BNBUSDT,595.35,8.883,595.4,4.004,595.45,10.276,595.5,13.822,595.55,29.874,595.6,10.888,595.65,11.679,595.7,25.313,595.75,19.992,595.8,16.736,595.3,8.096,595.25,12.954,595.2,4,595.15,6.316,595.1,6.72,595.05,5.448,595,7.996,594.95,8.248,594.9,7.055,594.85,17.679
1715247435162,1715247435104592000,GATE,BNBUSDT,595.35,8.883,595.4,4.004,595.45,10.276,595.5,13.822,595.55,29.874,595.6,11.019,595.65,11.679,595.7,25.313,595.75,19.992,595.8,16.736,595.3,4.096,595.25,9.704,595.2,4.131,595.15,6.316,595.1,6.72,595.05,5.448,595,7.996,594.95,8.248,594.9,7.055,594.85,10.952
1715247435257,1715247435198742000,GATE,BNBUSDT,595.35,9.406,595.4,7.312,595.45,10.276,595.5,13.822,595.55,29.874,595.6,10.888,595.65,11.679,595.7,25.313,595.75,19.992,595.8,16.908,595.3,4.096,595.25,9.704,595.2,4,595.15,6.316,595.1,6.72,595.05,5.958,595,7.996,594.95,8.248,594.9,7.055,594.85,10.952
1715247435351,1715247435302446000,GATE,BNBUSDT,595.35,8.883,595.4,7.312,595.45,10.276,595.5,13.822,595.55,29.874,595.6,10.888,595.65,11.679,595.7,25.313,595.75,19.992,595.8,16.908,595.3,4.096,595.25,9.704,595.2,4,595.15,6.316,595.1,6.72,595.05,5.958,595,7.996,594.95,8.248,594.9,7.055,594.85,12.621
1715247435455,1715247435402955000,GATE,BNBUSDT,595.35,8.883,595.4,1.423,595.45,10.276,595.5,13.822,595.55,29.874,595.6,10.888,595.65,11.679,595.7,25.313,595.75,19.992,595.8,16.908,595.3,4.096,595.25,9.704,595.2,4,595.15,6.316,595.1,6.72,595.05,5.958,595,7.996,594.95,8.248,594.9,7.055,594.85,12.621
1715247435547,1715247435506364000,GATE,BNBUSDT,595.35,5.633,595.4,1.423,595.45,10.276,595.5,13.822,595.55,29.874,595.6,10.888,595.65,11.679,595.7,25.313,595.75,19.992,595.8,16.908,595.3,7.346,595.25,9.704,595.2,4,595.15,6.316,595.1,6.72,595.05,5.958,595,7.996,594.95,8.248,594.9,7.055,594.85,12.621
1715247435662,1715247435607671000,GATE,BNBUSDT,595.35,8.883,595.4,3.209,595.45,10.119,595.5,13.822,595.55,29.874,595.6,10.888,595.65,11.679,595.7,25.313,595.75,19.992,595.8,16.908,595.3,4.096,595.25,9.704,595.2,4,595.15,6.316,595.1,6.72,595.05,5.958,595,7.996,594.95,8.248,594.9,7.055,594.85,12.621
1715247435753,1715247435706115000,GATE,BNBUSDT,595.35,8.883,595.4,3.209,595.45,10.119,595.5,13.822,595.55,29.874,595.6,10.888,595.65,11.679,595.7,25.313,595.75,19.992,595.8,16.908,595.3,4.096,595.25,9.704,595.2,4,595.15,6.316,595.1,6.72,595.05,5.958,595,7.996,594.95,8.248,594.9,7.055,594.85,12.621
1715247435841,1715247435800175000,GATE,BNBUSDT,595.35,8.883,595.4,3.209,595.45,10.276,595.5,13.822,595.55,29.874,595.6,10.888,595.65,11.679,595.7,25.313,595.75,19.992,595.8,17.418,595.3,7.346,595.25,9.704,595.2,4,595.15,6.316,595.1,6.72,595.05,5.958,595,7.996,594.95,8.248,594.9,7.055,594.85,12.621
1715247435978,1715247435925357000,GATE,BNBUSDT,595.4,1.684,595.45,1.929,595.5,2.302,595.55,6.773,595.6,13.053,595.65,23.99,595.7,22.608,595.75,18.923,595.8,17.288,595.85,18.05,595.35,11.346,595.3,7.346,595.25,6.977,595.2,4,595.15,8.887,595.1,9.97,595.05,5.958,595,8.549,594.95,9.285,594.9,9.754
1715247436065,1715247436013643000,GATE,BNBUSDT,595.4,11.306,595.45,1.929,595.5,18.066,595.55,13.492,595.6,16.303,595.65,21.263,595.7,15.89,595.75,18.923,595.8,17.288,595.85,18.05,595.35,4.096,595.3,8.096,595.25,2.977,595.2,4,595.15,6.316,595.1,6.72,595.05,5.958,595,8.549,594.95,9.285,594.9,9.754
1715247436133,1715247436100213000,GATE,BNBUSDT,595.4,12.665,595.45,8.72,595.5,18.066,595.55,13.492,595.6,16.303,595.65,20.049,595.7,15.89,595.75,22.562,595.8,17.288,595.85,18.05,595.35,1.369,595.3,8.096,595.25,2.977,595.2,8.25,595.15,6.316,595.1,6.72,595.05,5.958,595,7.996,594.95,8.248,594.9,9.754
1715247436240,1715247436199069000,GATE,BNBUSDT,595.4,11.132,595.45,8.72,595.5,18.062,595.55,13.492,595.6,16.303,595.65,20.049,595.7,15.89,595.75,22.562,595.8,17.255,595.85,18.05,595.35,1.369,595.3,8.096,595.25,2.977,595.2,8.25,595.15,6.316,595.1,6.72,595.05,5.958,595,7.996,594.95,8.248,594.9,9.754
1715247436348,1715247436309811000,GATE,BNBUSDT,595.4,11.132,595.45,8.72,595.5,18.062,595.55,13.492,595.6,16.303,595.65,20.049,595.7,15.89,595.75,22.562,595.8,17.255,595.85,18.083,595.35,2.728,595.3,6.728,595.25,2.977,595.2,8.25,595.15,6.316,595.1,6.72,595.05,5.958,595,7.996,594.95,8.248,594.9,9.754
1715247436442,1715247436396418000,GATE,BNBUSDT,595.4,11.132,595.45,8.72,595.5,24.269,595.55,13.492,595.6,16.303,595.65,20.049,595.7,15.89,595.75,22.562,595.8,17.255,595.85,18.083,595.35,1.369,595.3,2.728,595.25,2.977,595.2,8.25,595.15,6.316,595.1,6.72,595.05,5.958,595,7.996,594.95,8.248,594.9,9.754
1715247436474,1715247436511508000,GATE,BNBUSDT,595.4,11.132,595.45,8.72,595.5,24.269,595.55,15.888,595.6,16.303,595.65,20.049,595.7,15.89,595.75,22.562,595.8,17.255,595.85,18.083,595.35,1.369,595.3,2.728,595.25,2.977,595.2,8.25,595.15,6.316,595.1,6.72,595.05,5.958,595,7.996,594.95,8.248,594.9,9.754
1715247436666,1715247436603448000,GATE,BNBUSDT,595.4,8.549,595.45,1.929,595.5,24.269,595.55,15.888,595.6,16.303,595.65,20.049,595.7,15.89,595.75,22.562,595.8,17.255,595.85,18.083,595.35,2.728,595.3,2.728,595.25,2.977,595.2,8.25,595.15,6.316,595.1,6.72,595.05,5.958,595,7.996,594.95,8.248,594.9,9.754
1715247436734,1715247436709409000,GATE,BNBUSDT,595.4,5.299,595.45,4.203,595.5,24.269,595.55,13.492,595.6,16.303,595.65,20.049,595.7,15.89,595.75,22.562,595.8,17.255,595.85,18.083,595.35,10.006,595.3,2.728,595.2,8.25,595.15,6.316,595.1,6.72,595.05,9.208,595,7.996,594.95,8.248,594.9,11.423,594.85,10.952
1715247436811,1715247436802272000,GATE,BNBUSDT,595.4,5.299,595.45,7.715,595.5,24.269,595.55,13.492,595.6,16.303,595.65,20.049,595.7,15.89,595.75,22.562,595.8,17.255,595.85,18.083,595.35,6.756,595.3,2.728,595.2,8.25,595.15,6.316,595.1,6.72,595.05,9.208,595,7.996,594.95,8.248,594.9,11.423,594.85,10.952
1715247436897,1715247436901091000,GATE,BNBUSDT,595.4,8.549,595.45,7.715,595.5,24.269,595.55,13.492,595.6,16.303,595.65,20.049,595.7,15.89,595.75,22.562,595.8,17.255,595.85,18.083,595.35,6.756,595.3,2.728,595.2,8.25,595.15,6.316,595.1,6.72,595.05,9.208,595,7.996,594.95,8.248,594.9,11.423,594.85,10.952
1715247437062,1715247437003844000,GATE,BNBUSDT,595.4,9.516,595.45,7.715,595.5,24.269,595.55,10.773,595.6,16.303,595.65,26.768,595.7,15.89,595.75,22.562,595.8,17.255,595.85,18.083,595.35,6.756,595.3,2.728,595.2,8.25,595.15,6.316,595.1,6.72,595.05,9.208,595,7.996,594.95,8.248,594.9,11.423,594.85,10.952
1715247437151,1715247437094298000,GATE,BNBUSDT,595.4,10.214,595.45,7.715,595.5,12.509,595.55,22.533,595.6,16.303,595.65,26.768,595.7,15.89,595.75,22.562,595.8,17.255,595.85,18.083,595.35,6.756,595.3,2.728,595.2,8.25,595.15,6.316,595.1,6.72,595.05,9.208,595,7.996,594.95,8.248,594.9,11.423,594.85,10.952
1715247437267,1715247437204922000,GATE,BNBUSDT,595.4,5.299,595.45,7.715,595.5,12.509,595.55,22.533,595.6,16.303,595.65,26.768,595.7,15.89,595.75,22.562,595.8,17.255,595.85,18.083,595.35,10.006,595.3,2.728,595.2,8.25,595.15,6.316,595.1,6.72,595.05,9.208,595,7.996,594.95,8.248,594.9,11.423,594.85,10.952
1715247437304,1715247437310152000,GATE,BNBUSDT,595.4,5.299,595.45,4.203,595.5,12.509,595.55,10.773,595.6,24.812,595.65,20.049,595.7,22.608,595.75,22.562,595.8,17.255,595.85,18.083,595.35,10.006,595.3,2.728,595.2,8.25,595.15,6.316,595.1,6.72,595.05,9.208,595,7.996,594.95,9.917,594.9,9.754,594.85,10.952
1715247437452,1715247437407732000,GATE,BNBUSDT,595.4,5.299,595.45,4.203,595.5,12.509,595.55,10.773,595.6,24.812,595.65,20.049,595.7,22.608,595.75,22.562,595.8,17.255,595.85,18.083,595.35,10.006,595.3,2.728,595.2,8.25,595.15,6.316,595.1,6.72,595.05,9.208,595,7.996,594.95,9.917,594.9,16.481,594.85,10.952
1715247437531,1715247437500702000,GATE,BNBUSDT,595.4,5.299,595.45,4.203,595.5,12.509,595.55,10.773,595.6,13.053,595.65,31.807,595.7,22.608,595.75,22.562,595.8,17.255,595.85,18.083,595.35,10.006,595.3,2.728,595.2,8.25,595.15,9.1,595.1,6.72,595.05,9.208,595,7.996,594.95,9.917,594.9,16.481,594.85,10.952
1715247437628,1715247437606810000,GATE,BNBUSDT,595.4,5.299,595.45,4.203,595.5,12.509,595.55,10.773,595.6,13.053,595.65,31.807,595.7,22.608,595.75,22.562,595.8,17.255,595.85,18.083,595.35,10.006,595.3,2.728,595.2,8.25,595.15,9.1,595.1,6.72,595.05,9.208,595,7.996,594.95,9.917,594.9,9.754,594.85,17.679
1715247437758,1715247437708195000,GATE,BNBUSDT,595.4,13.819,595.45,6.839,595.5,12.509,595.55,10.773,595.6,16.303,595.65,31.807,595.7,22.608,595.75,22.562,595.8,17.255,595.85,18.083,595.35,6.756,595.3,2.728,595.2,8.25,595.15,9.1,595.1,6.72,595.05,5.958,595,7.996,594.95,9.917,594.9,9.754,594.85,17.679
1715247437803,1715247437802747000,GATE,BNBUSDT,595.4,16.788,595.45,6.839,595.5,12.509,595.55,10.773,595.6,16.303,595.65,31.807,595.7,22.608,595.75,22.562,595.8,17.255,595.85,18.083,595.35,6.084,595.3,2.728,595.2,8.25,595.15,9.1,595.1,6.72,595.05,5.958,595,7.996,594.95,9.917,594.9,9.754,594.85,17.679
1715247438020,1715247437996625000,GATE,BNBUSDT,595.4,12.788,595.45,10.839,595.5,12.509,595.55,22.533,595.6,16.303,595.65,20.049,595.7,22.608,595.75,22.562,595.8,17.255,595.85,18.083,595.35,6.084,595.3,2.728,595.2,8.25,595.15,9.1,595.1,6.72,595.05,5.958,595,7.996,594.95,9.917,594.9,9.754,594.85,10.952
1715247438134,1715247438116596000,GATE,BNBUSDT,595.4,12.788,595.45,10.835,595.5,12.509,595.55,22.533,595.6,16.303,595.65,20.049,595.7,22.608,595.75,19.992,595.8,17.255,595.85,18.083,595.35,6.084,595.3,2.728,595.2,8.25,595.15,9.1,595.1,6.72,595.05,5.958,595,7.996,594.95,9.917,594.9,9.754,594.85,10.952
1715247438181,1715247438210365000,GATE,BNBUSDT,595.4,12.788,595.45,10.835,595.5,12.509,595.55,22.533,595.6,16.303,595.65,20.049,595.7,22.608,595.75,18.923,595.8,17.255,595.85,18.083,595.35,6.084,595.3,2.728,595.2,8.25,595.15,9.1,595.1,6.72,595.05,5.958,595,7.996,594.95,9.917,594.9,9.754,594.85,10.952
1715247438353,1715247438298916000,GATE,BNBUSDT,595.4,12.788,595.45,10.835,595.5,12.509,595.55,10.773,595.6,28.062,595.65,20.049,595.7,22.608,595.75,18.923,595.8,17.255,595.85,18.083,595.35,6.084,595.3,2.728,595.2,8.25,595.15,9.1,595.1,6.72,595.05,5.958,595,7.996,594.95,10.447,594.9,9.754,594.85,10.952
1715247438441,1715247438407772000,GATE,BNBUSDT,595.4,18.614,595.45,22.596,595.5,15.759,595.55,17.492,595.6,16.303,595.65,20.049,595.7,15.89,595.75,18.923,595.8,17.255,595.85,18.083,595.35,0.697,595.3,2.728,595.2,4,595.15,6.316,595.1,6.72,595.05,5.958,595,7.996,594.95,5.528,594.9,9.754,594.85,10.952
1715247438550,1715247438506128000,GATE,BNBUSDT,595.4,18.614,595.45,22.596,595.5,15.759,595.55,20.212,595.6,16.303,595.65,20.049,595.7,15.89,595.75,18.923,595.8,17.255,595.85,18.083,595.35,0.697,595.3,2.728,595.25,3.776,595.2,8.25,595.15,6.277,595.1,6.72,595.05,5.958,595,7.996,594.95,5.528,594.9,9.754
1715247438654,1715247438608845000,GATE,BNBUSDT,595.4,18.614,595.45,22.596,595.5,15.759,595.55,20.212,595.6,16.303,595.65,20.049,595.7,15.89,595.75,18.923,595.8,17.255,595.85,18.083,595.35,0.697,595.3,2.728,595.25,3.776,595.2,8.25,595.15,6.277,595.1,6.72,595.05,5.997,595,7.996,594.95,8.778,594.9,9.754
1715247438857,1715247438800338000,GATE,BNBUSDT,595.35,9.878,595.4,18.614,595.45,20.667,595.5,15.759,595.55,20.212,595.6,16.303,595.65,20.049,595.7,15.89,595.75,18.923,595.8,17.255,595.3,2.728,595.25,3.776,595.2,8.25,595.15,6.277,595.1,6.72,595.05,5.997,595,7.996,594.95,8.778,594.9,9.754,594.85,10.952
1715247438962,1715247438909128000,GATE,BNBUSDT,595.35,9.179,595.4,22.614,595.45,20.667,595.5,12.509,595.55,22.902,595.6,10.888,595.65,20.049,595.7,15.89,595.75,18.923,595.8,17.288,595.3,2.728,595.25,3.776,595.2,8.25,595.15,6.277,595.1,6.72,595.05,5.997,595,7.996,594.95,8.778,594.9,9.754,594.85,10.952
1715247439054,1715247438997402000,GATE,BNBUSDT,595.35,10.027,595.4,22.614,595.45,8.906,595.5,24.27,595.55,16.183,595.6,17.607,595.65,20.049,595.7,15.89,595.75,18.923,595.8,17.288,595.3,2.728,595.25,3.776,595.2,8.25,595.15,6.277,595.1,6.72,595.05,5.997,595,7.996,594.95,8.778,594.9,9.754,594.85,10.952
1715247439132,1715247439096727000,GATE,BNBUSDT,595.35,9.655,595.4,22.614,595.45,8.906,595.5,24.27,595.55,16.183,595.6,17.607,595.65,20.049,595.7,15.89,595.75,18.923,595.8,16.704,595.3,2.728,595.25,3.776,595.2,8.25,595.15,6.277,595.1,6.72,595.05,5.997,595,7.996,594.95,8.778,594.9,9.754,594.85,10.952
1715247439218,1715247439193513000,GATE,BNBUSDT,595.35,9.655,595.4,22.614,595.45,8.906,595.5,24.27,595.55,16.183,595.6,17.607,595.65,20.049,595.7,15.89,595.75,18.923,595.8,16.704,595.3,2.728,595.25,3.776,595.2,8.25,595.15,6.277,595.1,6.72,595.05,5.997,595,7.996,594.95,8.778,594.9,9.754,594.85,10.952
1715247439365,1715247439304619000,GATE,BNBUSDT,595.35,9.179,595.4,22.614,595.45,8.906,595.5,24.27,595.55,16.183,595.6,17.607,595.65,20.049,595.7,15.89,595.75,18.923,595.8,16.704,595.3,2.728,595.25,3.776,595.2,8.25,595.15,6.277,595.1,6.72,595.05,5.997,595,7.996,594.95,8.778,594.9,9.754,594.85,10.952
1715247439372,1715247439409535000,GATE,BNBUSDT,595.35,9.179,595.4,22.614,595.45,8.906,595.5,24.27,595.55,16.183,595.6,17.607,595.65,20.049,595.7,15.89,595.75,18.923,595.8,16.704,595.3,2.728,595.25,3.776,595.2,8.25,595.15,6.277,595.1,6.72,595.05,5.997,595,7.996,594.95,8.778,594.9,9.754,594.85,12.621
1715247439531,1715247439501442000,GATE,BNBUSDT,595.35,9.179,595.4,22.614,595.45,8.906,595.5,24.27,595.55,16.183,595.6,17.607,595.65,20.049,595.7,15.89,595.75,18.923,595.8,16.704,595.3,2.728,595.25,3.776,595.2,8.25,595.15,6.277,595.1,6.72,595.05,5.997,595,7.996,594.95,8.778,594.9,9.754,594.85,12.621
1715247439580,1715247439602579000,GATE,BNBUSDT,595.35,9.179,595.4,22.614,595.45,8.906,595.5,24.27,595.55,16.183,595.6,17.607,595.65,20.049,595.7,15.89,595.75,18.923,595.8,16.704,595.3,2.728,595.25,3.776,595.2,8.25,595.15,6.277,595.1,6.72,595.05,5.997,595,7.996,594.95,8.778,594.9,9.754,594.85,12.621
1715247439735,1715247439705972000,GATE,BNBUSDT,595.35,9.179,595.4,22.614,595.45,8.906,595.5,24.27,595.55,16.183,595.6,17.607,595.65,20.049,595.7,15.89,595.75,18.923,595.8,16.704,595.3,2.728,595.25,3.776,595.2,8.25,595.15,6.277,595.1,6.72,595.05,5.997,595,7.996,594.95,8.778,594.9,9.754,594.85,12.621
1715247439859,1715247439803544000,GATE,BNBUSDT,595.35,9.179,595.4,22.614,595.45,8.906,595.5,24.27,595.55,16.183,595.6,10.888,595.65,26.768,595.7,15.89,595.75,18.923,595.8,16.704,595.3,2.728,595.25,3.776,595.2,8.25,595.15,6.277,595.1,6.72,595.05,5.997,595,7.996,594.95,8.778,594.9,9.754,594.85,12.621
1715247440060,1715247439997777000,GATE,BNBUSDT,595.35,9.179,595.4,22.614,595.45,8.906,595.5,12.509,595.55,27.943,595.6,10.888,595.65,26.768,595.7,15.89,595.75,18.923,595.8,16.704,595.3,2.728,595.25,3.776,595.2,8.25,595.15,6.277,595.1,6.72,595.05,5.997,595,7.996,594.95,8.778,594.9,9.754,594.85,12.621
1715247440201,1715247440202601000,GATE,BNBUSDT,595.35,9.179,595.4,22.614,595.45,8.906,595.5,12.509,595.55,27.943,595.6,10.888,595.65,26.768,595.7,15.89,595.75,18.923,595.8,16.704,595.3,2.728,595.25,3.776,595.2,8.25,595.15,6.277,595.1,6.72,595.05,5.997,595,7.996,594.95,8.778,594.9,9.754,594.85,12.621
1715247440590,1715247440609356000,GATE,BNBUSDT,595.35,9.179,595.4,22.614,595.45,8.906,595.5,12.509,595.55,27.943,595.6,10.888,595.65,26.768,595.7,15.89,595.75,18.923,595.8,16.704,595.3,2.728,595.25,3.776,595.2,8.25,595.15,6.277,595.1,6.72,595.05,5.997,595,7.996,594.95,8.778,594.9,9.754,594.85,12.621
1715247440710,1715247440699498000,GATE,BNBUSDT,595.35,9.179,595.4,22.614,595.45,8.906,595.5,12.509,595.55,27.943,595.6,10.888,595.65,26.768,595.7,15.89,595.75,18.923,595.8,16.704,595.3,2.728,595.25,3.776,595.2,8.25,595.15,6.277,595.1,6.72,595.05,5.997,595,7.996,594.95,8.778,594.9,9.754,594.85,12.621
1715247440858,1715247440807253000,GATE,BNBUSDT,595.4,21.142,595.45,8.906,595.5,12.509,595.55,22.533,595.6,16.289,595.65,26.768,595.7,15.89,595.75,18.923,595.8,16.671,595.85,18.083,595.3,5.978,595.25,3.776,595.2,8.25,595.15,6.277,595.1,6.72,595.05,5.997,595,7.996,594.95,8.778,594.9,9.754,594.85,12.621
1715247440957,1715247440897800000,GATE,BNBUSDT,595.35,8.783,595.4,23.617,595.45,8.906,595.5,12.509,595.55,30.232,595.6,10.888,595.65,26.768,595.7,15.89,595.75,18.923,595.8,16.671,595.3,2.728,595.25,3.776,595.2,8.25,595.15,6.277,595.1,6.72,595.05,5.997,595,7.996,594.95,8.778,594.9,9.754,594.85,12.621
1715247440976,1715247441002145000,GATE,BNBUSDT,595.35,8.783,595.4,23.617,595.45,8.906,595.5,12.509,595.55,27.934,595.6,10.888,595.65,26.768,595.7,15.89,595.75,18.923,595.8,16.671,595.3,2.728,595.25,3.776,595.2,8.25,595.15,6.277,595.1,6.72,595.05,5.997,595,7.996,594.95,8.778,594.9,9.754,594.85,12.621
1715247441119,1715247441103097000,GATE,BNBUSDT,595.35,7.25,595.4,23.617,595.45,8.906,595.5,12.509,595.55,27.934,595.6,10.888,595.65,26.768,595.7,15.89,595.75,18.923,595.8,16.704,595.3,2.728,595.25,3.776,595.2,8.25,595.15,6.277,595.1,6.72,595.05,5.997,595,7.996,594.95,8.778,594.9,9.754,594.85,12.621
1715247441210,1715247441204617000,GATE,BNBUSDT,595.35,7.25,595.4,23.617,595.45,8.906,595.5,12.509,595.55,27.934,595.6,10.888,595.65,26.768,595.7,15.89,595.75,18.923,595.8,16.704,595.3,2.728,595.25,3.776,595.2,8.25,595.15,6.277,595.1,6.72,595.05,5.997,595,7.996,594.95,8.778,594.9,9.754,594.85,19.348
1715247441302,1715247441303517000,GATE,BNBUSDT,595.35,7.25,595.4,23.617,595.45,8.906,595.5,12.509,595.55,27.934,595.6,10.888,595.65,20.049,595.7,22.608,595.75,18.923,595.8,16.704,595.3,2.728,595.25,3.776,595.2,8.25,595.15,6.277,595.1,6.72,595.05,5.997,595,7.996,594.95,8.778,594.9,9.754,594.85,19.348
1715247441418,1715247441394498000,GATE,BNBUSDT,595.35,7.25,595.4,22.429,595.45,8.906,595.5,12.509,595.55,16.174,595.6,22.647,595.65,20.049,595.7,22.608,595.75,18.923,595.8,16.704,595.3,5.978,595.25,3.776,595.2,8.25,595.15,6.277,595.1,6.72,595.05,5.997,595,7.996,594.95,8.778,594.9,9.754,594.85,19.348
1715247441565,1715247441511313000,GATE,BNBUSDT,595.4,14.141,595.45,4.906,595.5,12.509,595.55,10.773,595.6,28.045,595.65,20.049,595.7,22.608,595.75,18.923,595.8,16.671,595.85,18.083,595.35,12.908,595.3,5.978,595.2,8.25,595.15,6.277,595.1,6.72,595.05,5.997,595,7.996,594.95,8.778,594.9,9.754,594.85,19.348
1715247441666,1715247441613411000,GATE,BNBUSDT,595.4,5.299,595.45,0.004,595.5,2.302,595.55,11.551,595.6,24.795,595.65,20.049,595.7,15.89,595.75,25.641,595.8,16.671,595.85,18.05,595.35,12.908,595.3,5.978,595.2,8.25,595.15,9.143,595.1,6.72,595.05,9.247,595,7.996,594.95,8.778,594.9,9.754,594.85,19.348
1715247441719,1715247441695364000,GATE,BNBUSDT,595.4,5.299,595.5,2.306,595.55,11.551,595.6,24.795,595.65,20.049,595.7,15.89,595.75,25.641,595.8,16.671,595.85,18.05,595.9,16.104,595.35,12.908,595.3,5.978,595.2,8.25,595.15,9.143,595.1,6.72,595.05,9.8,595,7.996,594.95,8.778,594.9,9.754,594.85,19.348
1715247441788,1715247441807667000,GATE,BNBUSDT,595.4,5.299,595.5,2.306,595.55,11.551,595.6,24.795,595.65,20.049,595.7,15.89,595.75,25.641,595.8,16.671,595.85,18.05,595.9,16.104,595.35,12.908,595.3,5.978,595.2,8.25,595.15,9.143,595.1,6.72,595.05,9.8,595,7.996,594.95,8.778,594.9,9.754,594.85,19.348
1715247441938,1715247441906755000,GATE,BNBUSDT,595.4,5.299,595.5,6.306,595.55,11.551,595.6,24.795,595.65,20.049,595.7,15.89,595.75,25.641,595.8,16.671,595.85,18.05,595.9,16.104,595.35,12.908,595.3,5.978,595.25,4,595.2,8.25,595.15,9.143,595.1,6.72,595.05,9.8,595,7.996,594.95,8.778,594.9,9.754
1715247441983,1715247442003942000,GATE,BNBUSDT,595.4,5.299,595.5,6.306,595.55,11.551,595.6,24.795,595.65,20.049,595.7,15.89,595.75,25.641,595.8,16.671,595.85,18.05,595.9,16.104,595.35,12.908,595.3,5.978,595.25,4,595.2,8.25,595.15,6.277,595.1,6.72,595.05,9.8,595,7.996,594.95,8.778,594.9,9.754
1715247442265,1715247442200320000,GATE,BNBUSDT,595.4,5.299,595.5,6.306,595.55,11.551,595.6,24.795,595.65,20.049,595.7,15.89,595.75,25.641,595.8,16.671,595.85,18.05,595.9,16.104,595.35,12.908,595.3,5.978,595.25,4,595.2,8.25,595.15,6.277,595.1,6.72,595.05,9.8,595,7.996,594.95,8.778,594.9,9.754
1715247442334,1715247442434455000,GATE,BNBUSDT,595.4,5.299,595.5,6.306,595.55,11.551,595.6,24.795,595.65,20.049,595.7,15.89,595.75,25.641,595.8,16.671,595.85,18.05,595.9,16.104,595.35,12.908,595.3,5.978,595.25,4,595.2,8.25,595.15,6.277,595.1,6.72,595.05,9.8,595,7.996,594.95,8.778,594.9,9.754
1715247442421,1715247442435948000,GATE,BNBUSDT,595.4,5.299,595.5,6.306,595.55,11.551,595.6,24.795,595.65,20.049,595.7,15.89,595.75,25.641,595.8,16.671,595.85,18.05,595.9,16.104,595.35,9.658,595.3,5.978,595.25,4,595.2,8.25,595.15,6.277,595.1,6.72,595.05,9.8,595,7.996,594.95,8.778,594.9,9.754
1715247442497,1715247442512304000,GATE,BNBUSDT,595.4,8.549,595.5,7.692,595.55,11.551,595.6,28.045,595.65,20.049,595.7,15.89,595.75,25.641,595.8,16.671,595.85,18.05,595.9,16.104,595.35,9.658,595.3,5.978,595.25,4,595.2,8.25,595.15,6.277,595.1,6.72,595.05,9.8,595,7.996,594.95,8.778,594.9,9.754
1715247442609,1715247442600689000,GATE,BNBUSDT,595.4,8.549,595.5,7.692,595.55,11.551,595.6,28.045,595.65,20.049,595.7,15.89,595.75,25.641,595.8,16.671,595.85,18.05,595.9,16.104,595.35,12.908,595.3,5.978,595.25,4,595.2,8.25,595.15,6.277,595.1,6.72,595.05,9.8,595,7.996,594.95,8.778,594.9,9.754
1715247442762,1715247442699854000,GATE,BNBUSDT,595.4,8.549,595.45,2.183,595.5,7.692,595.55,11.551,595.6,28.045,595.65,20.049,595.7,15.89,595.75,25.641,595.8,16.671,595.85,18.05,595.35,12.908,595.3,5.978,595.25,4,595.2,8.25,595.15,6.277,595.1,6.72,595.05,9.8,595,7.996,594.95,8.778,594.9,9.754
1715247442827,1715247442805256000,GATE,BNBUSDT,595.4,8.549,595.45,2.183,595.5,7.692,595.55,11.551,595.6,16.286,595.65,31.807,595.7,15.89,595.75,25.641,595.8,16.671,595.85,18.05,595.35,9.658,595.3,5.978,595.25,4,595.2,8.25,595.15,6.277,595.1,6.72,595.05,9.8,595,7.996,594.95,8.778,594.9,9.754
1715247442950,1715247442908044000,GATE,BNBUSDT,595.4,5.299,595.5,7.692,595.55,15.551,595.6,16.286,595.65,22.776,595.7,15.89,595.75,25.641,595.8,16.671,595.85,18.05,595.9,16.104,595.35,12.908,595.3,5.978,595.25,4,595.2,8.25,595.15,6.277,595.1,6.72,595.05,9.8,595,7.996,594.95,8.778,594.9,9.754
1715247443051,1715247443003275000,GATE,BNBUSDT,595.4,5.299,595.5,3.692,595.55,15.551,595.6,13.036,595.65,22.776,595.7,15.89,595.75,25.641,595.8,16.671,595.85,18.05,595.9,16.104,595.35,12.908,595.3,5.978,595.25,4,595.2,8.25,595.15,6.277,595.1,6.72,595.05,9.8,595,7.996,594.95,8.778,594.9,9.754
1715247443098,1715247443110116000,GATE,BNBUSDT,595.4,5.299,595.5,6.665,595.55,15.551,595.6,13.036,595.65,22.776,595.7,15.89,595.75,25.641,595.8,16.671,595.85,18.05,595.9,16.104,595.35,12.908,595.3,5.978,595.25,4,595.2,8.25,595.15,6.277,595.1,6.72,595.05,9.8,595,7.996,594.95,8.778,594.9,9.754
1715247443253,1715247443202670000,GATE,BNBUSDT,595.4,5.299,595.5,6.665,595.55,15.551,595.6,13.036,595.65,22.776,595.7,15.89,595.75,25.641,595.8,16.671,595.85,18.05,595.9,16.104,595.35,12.908,595.3,5.978,595.25,4.039,595.2,8.25,595.15,6.277,595.1,6.72,595.05,9.761,595,7.996,594.95,8.778,594.9,9.754
1715247443299,1715247443302645000,GATE,BNBUSDT,595.4,5.299,595.5,6.665,595.55,15.551,595.6,13.036,595.65,22.776,595.7,15.89,595.75,25.641,595.8,16.671,595.85,18.05,595.9,16.104,595.35,12.908,595.3,5.978,595.25,4.039,595.2,8.25,595.15,6.277,595.1,6.72,595.05,9.761,595,7.996,594.95,8.778,594.9,9.754
1715247443401,1715247443403119000,GATE,BNBUSDT,595.4,5.299,595.5,6.665,595.55,15.551,595.6,13.036,595.65,22.776,595.7,15.89,595.75,25.641,595.8,16.671,595.85,18.05,595.9,16.104,595.35,12.908,595.3,5.978,595.25,4.039,595.2,8.25,595.15,6.277,595.1,6.72,595.05,11.984,595,7.996,594.95,8.778,594.9,9.754
1715247443658,1715247443597989000,GATE,BNBUSDT,595.4,5.299,595.5,6.665,595.55,15.551,595.6,13.036,595.65,22.776,595.7,15.89,595.75,25.641,595.8,16.671,595.85,18.05,595.9,16.104,595.35,12.908,595.3,5.978,595.25,4.039,595.2,8.25,595.15,6.277,595.1,6.72,595.05,11.984,595,7.996,594.95,8.778,594.9,9.754
1715247443754,1715247443699561000,GATE,BNBUSDT,595.4,5.299,595.5,6.665,595.55,15.551,595.6,13.036,595.65,22.776,595.7,15.89,595.75,25.641,595.8,16.671,595.85,18.05,595.9,16.104,595.35,12.908,595.3,5.978,595.25,4.039,595.2,8.25,595.15,6.277,595.1,6.72,595.05,11.984,595,7.996,594.95,8.778,594.9,9.754
1715247443801,1715247443804555000,GATE,BNBUSDT,595.4,5.299,595.5,6.665,595.55,15.551,595.6,13.036,595.65,22.776,595.7,15.89,595.75,25.641,595.8,16.671,595.85,18.05,595.9,16.104,595.35,12.908,595.3,5.978,595.25,4.039,595.2,8.25,595.15,6.277,595.1,6.72,595.05,11.984,595,7.996,594.95,8.778,594.9,9.754
1715247443954,1715247443908021000,GATE,BNBUSDT,595.4,8.549,595.5,10.665,595.55,15.551,595.6,16.286,595.65,22.776,595.7,15.89,595.75,25.641,595.8,16.671,595.85,18.05,595.9,16.104,595.35,9.658,595.3,5.978,595.25,4.039,595.2,8.25,595.15,6.277,595.1,6.72,595.05,8.734,595,7.996,594.95,8.778,594.9,9.754
1715247444052,1715247444003138000,GATE,BNBUSDT,595.4,8.549,595.5,10.665,595.55,15.551,595.6,16.286,595.65,22.776,595.7,15.89,595.75,25.641,595.8,16.671,595.85,18.05,595.9,16.104,595.35,5.658,595.3,2.728,595.25,4,595.2,8.25,595.15,6.277,595.1,6.72,595.05,8.734,595,7.996,594.95,8.778,594.9,9.754
1715247444135,1715247444095537000,GATE,BNBUSDT,595.4,8.549,595.45,0.474,595.5,10.665,595.55,15.551,595.6,16.286,595.65,22.776,595.7,15.89,595.75,25.641,595.8,16.671,595.85,18.05,595.35,5.658,595.3,2.728,595.25,4,595.2,8.25,595.15,6.316,595.1,6.72,595.05,8.734,595,7.996,594.95,8.778,594.9,9.754
1715247444191,1715247444204368000,GATE,BNBUSDT,595.4,9.133,595.45,0.474,595.5,10.665,595.55,15.551,595.6,16.286,595.65,22.776,595.7,15.89,595.75,25.641,595.8,16.671,595.85,18.05,595.35,5.658,595.3,2.728,595.25,4,595.2,8.25,595.15,6.316,595.1,6.72,595.05,8.734,595,7.996,594.95,8.778,594.9,9.754
1715247444312,1715247444296679000,GATE,BNBUSDT,595.4,9.133,595.5,10.665,595.55,10.773,595.6,16.286,595.65,22.776,595.7,15.89,595.75,25.641,595.8,16.671,595.85,18.05,595.9,16.104,595.35,5.658,595.3,2.728,595.25,4,595.2,8.25,595.15,6.316,595.1,6.72,595.05,8.734,595,7.996,594.95,8.778,594.9,9.754
1715247444393,1715247444404470000,GATE,BNBUSDT,595.4,9.133,595.45,1.083,595.5,10.665,595.55,10.773,595.6,16.286,595.65,22.776,595.7,15.89,595.75,25.641,595.8,16.671,595.85,18.05,595.35,5.658,595.3,2.728,595.25,4,595.2,8.25,595.15,6.316,595.1,6.72,595.05,8.734,595,7.996,594.95,8.778,594.9,9.754
1715247444636,1715247444597915000,GATE,BNBUSDT,595.4,9.133,595.45,1.083,595.5,10.665,595.55,10.773,595.6,16.286,595.65,22.776,595.7,15.89,595.75,25.641,595.8,16.671,595.85,18.05,595.35,5.658,595.3,2.728,595.25,4,595.2,8.25,595.15,6.316,595.1,6.72,595.05,8.734,595,7.996,594.95,10.447,594.9,9.754
1715247444896,1715247444899957000,GATE,BNBUSDT,595.4,9.133,595.45,1.083,595.5,10.665,595.55,10.773,595.6,20.286,595.65,22.776,595.7,15.89,595.75,25.641,595.8,16.671,595.85,18.05,595.35,9.658,595.3,2.728,595.25,4,595.2,8.25,595.15,6.316,595.1,6.72,595.05,8.734,595,7.996,594.95,10.447,594.9,9.754
1715247445058,1715247444997731000,GATE,BNBUSDT,595.4,5.883,595.45,1.083,595.5,6.665,595.55,10.773,595.6,20.286,595.65,22.776,595.7,15.89,595.75,25.641,595.8,16.671,595.85,18.05,595.35,12.908,595.3,2.728,595.25,4,595.2,8.25,595.15,6.316,595.1,6.72,595.05,11.984,595,7.996,594.95,10.447,594.9,9.754
1715247445085,1715247445100393000,GATE,BNBUSDT,595.4,5.883,595.5,6.665,595.55,10.773,595.6,20.286,595.65,22.776,595.7,15.89,595.75,25.641,595.8,16.671,595.85,18.05,595.9,16.104,595.35,12.908,595.3,2.728,595.25,4,595.2,8.25,595.15,6.316,595.1,6.72,595.05,11.984,595,7.996,594.95,10.447,594.9,9.754
1715247445201,1715247445198605000,GATE,BNBUSDT,595.4,5.883,595.5,6.665,595.55,10.773,595.6,20.286,595.65,22.776,595.7,15.89,595.75,25.641,595.8,16.671,595.85,18.05,595.9,16.104,595.35,12.908,595.3,2.728,595.25,4,595.2,8.25,595.15,6.316,595.1,6.72,595.05,11.984,595,7.996,594.95,10.447,594.9,9.754
1715247445299,1715247445306086000,GATE,BNBUSDT,595.4,5.883,595.5,6.665,595.55,10.773,595.6,20.286,595.65,22.776,595.7,15.89,595.75,25.641,595.8,16.671,595.85,18.05,595.9,16.104,595.35,12.908,595.3,2.728,595.25,4,595.2,8.25,595.15,6.316,595.1,6.72,595.05,11.984,595,7.996,594.95,11.484,594.9,9.754
1715247445447,1715247445401686000,GATE,BNBUSDT,595.4,5.883,595.5,6.665,595.55,8.55,595.6,20.286,595.65,19.361,595.7,15.89,595.75,25.641,595.8,16.671,595.85,18.05,595.9,16.104,595.35,12.908,595.3,2.728,595.25,4,595.2,8.25,595.15,6.316,595.1,6.72,595.05,11.984,595,7.996,594.95,11.484,594.9,9.754
1715247445552,1715247445504401000,GATE,BNBUSDT,595.4,5.883,595.5,6.665,595.55,8.55,595.6,20.286,595.65,21.637,595.7,15.89,595.75,25.641,595.8,16.671,595.85,18.05,595.9,16.104,595.35,12.908,595.3,2.728,595.25,4,595.2,8.25,595.15,6.316,595.1,6.72,595.05,11.984,595,7.996,594.95,11.484,594.9,9.754
1715247445583,1715247445594533000,GATE,BNBUSDT,595.4,5.883,595.5,6.665,595.55,8.55,595.6,17.036,595.65,21.637,595.7,15.89,595.75,25.641,595.8,16.671,595.85,18.05,595.9,16.104,595.35,12.908,595.3,2.728,595.25,4,595.2,8.25,595.15,6.316,595.1,6.72,595.05,11.984,595,7.996,594.95,11.484,594.9,9.754
1715247445762,1715247445699379000,GATE,BNBUSDT,595.4,5.883,595.5,6.665,595.55,8.55,595.6,17.036,595.65,21.637,595.7,15.89,595.75,25.641,595.8,16.671,595.85,18.05,595.9,16.104,595.35,12.908,595.3,2.728,595.25,4,595.2,8.25,595.15,6.826,595.1,6.72,595.05,11.984,595,7.996,594.95,11.484,594.9,9.754
1715247445852,1715247445800608000,GATE,BNBUSDT,595.4,5.883,595.5,1.01,595.55,4.55,595.6,17.036,595.65,21.637,595.7,15.89,595.75,25.641,595.8,16.671,595.85,18.05,595.9,16.104,595.35,12.908,595.3,2.728,595.25,4,595.2,8.25,595.15,6.826,595.1,6.72,595.05,11.984,595,7.996,594.95,11.484,594.9,9.754
1715247445928,1715247445893754000,GATE,BNBUSDT,595.4,5.883,595.5,5.971,595.55,8.554,595.6,17.036,595.65,21.637,595.7,15.89,595.75,25.641,595.8,16.671,595.85,18.05,595.9,16.104,595.35,12.908,595.3,2.728,595.25,4,595.2,8.25,595.15,6.826,595.1,6.72,595.05,11.984,595,7.996,594.95,11.484,594.9,9.754
1715247445990,1715247446006178000,GATE,BNBUSDT,595.4,5.883,595.5,5.971,595.55,8.554,595.6,17.036,595.65,21.637,595.7,15.89,595.75,25.641,595.8,16.671,595.85,18.05,595.9,16.104,595.35,12.908,595.3,2.728,595.25,4,595.2,8.25,595.15,6.826,595.1,6.72,595.05,11.984,595,9.665,594.95,9.815,594.9,9.754
1715247446256,1715247446199948000,GATE,BNBUSDT,595.4,5.883,595.5,0.837,595.55,4.554,595.6,17.036,595.65,21.637,595.7,12.64,595.75,25.641,595.8,16.671,595.85,18.05,595.9,16.104,595.35,12.908,595.3,2.728,595.25,4,595.2,8.25,595.15,6.826,595.1,6.72,595.05,11.984,595,9.665,594.95,9.815,594.9,9.754
1715247446359,1715247446300765000,GATE,BNBUSDT,595.5,3.609,595.55,0.004,595.6,4.915,595.65,19.718,595.7,14.626,595.75,22.936,595.8,13.827,595.85,18.05,595.9,15.974,595.95,13.064,595.45,4.096,595.4,7.25,595.35,12.908,595.25,4,595.2,11.198,595.15,10.076,595.1,6.72,595.05,11.984,595,9.665,594.95,12.51
1715247446456,1715247446458957000,GATE,BNBUSDT,595.5,0.584,595.6,8.073,595.65,13.917,595.7,23.273,595.75,12.803,595.8,13.827,595.85,24.766,595.9,15.924,595.95,13.064,596,14.124,595.45,15.165,595.4,7.25,595.35,6.728,595.25,4,595.2,10.956,595.15,16.197,595.1,6.72,595.05,16.348,595,17.416,594.95,22.702
1715247446519,1715247446503328000,GATE,BNBUSDT,595.5,0.584,595.6,8.073,595.65,13.917,595.7,23.273,595.75,12.803,595.8,13.827,595.85,24.766,595.9,15.924,595.95,13.064,596,14.124,595.45,15.165,595.4,7.25,595.35,6.728,595.25,6.189,595.2,10.956,595.15,16.197,595.1,6.72,595.05,19.763,595,17.416,594.95,22.702
1715247446665,1715247446602250000,GATE,BNBUSDT,595.5,0.584,595.6,8.073,595.65,13.917,595.7,23.273,595.75,12.803,595.8,13.827,595.85,24.766,595.9,15.924,595.95,13.064,596,14.124,595.45,11.915,595.4,7.25,595.35,6.728,595.3,0.04,595.25,6.189,595.2,10.956,595.15,16.158,595.1,6.72,595.05,19.763,595,17.416
1715247446752,1715247446699251000,GATE,BNBUSDT,595.5,3.834,595.55,2.912,595.6,8.501,595.65,13.917,595.7,26.523,595.75,12.803,595.8,13.827,595.85,24.766,595.9,15.924,595.95,13.064,595.45,11.915,595.4,7.25,595.35,6.728,595.25,4,595.2,10.956,595.15,16.158,595.1,6.72,595.05,19.763,595,17.416,594.95,22.702
1715247446816,1715247446802020000,GATE,BNBUSDT,595.5,3.834,595.55,2.912,595.6,8.501,595.65,13.917,595.7,26.523,595.75,12.803,595.8,13.827,595.85,24.766,595.9,15.924,595.95,13.064,595.45,11.915,595.4,7.25,595.35,6.728,595.25,6.511,595.2,10.956,595.15,16.158,595.1,6.72,595.05,19.763,595,17.416,594.95,22.702
1715247446939,1715247446898766000,GATE,BNBUSDT,595.5,3.834,595.55,4.826,595.6,8.501,595.65,13.917,595.7,26.523,595.75,12.803,595.8,13.827,595.85,24.766,595.9,15.924,595.95,13.064,595.45,7.915,595.4,7.25,595.35,2.728,595.3,4,595.25,6.511,595.2,10.956,595.15,12.743,595.1,2.72,595.05,19.763,595,20.831
1715247447053,1715247446998973000,GATE,BNBUSDT,595.5,9.629,595.55,1.929,595.6,4.461,595.65,13.917,595.7,14.766,595.75,24.559,595.8,13.827,595.85,24.766,595.9,15.924,595.95,13.064,595.45,7.915,595.4,4,595.35,2.728,595.3,4,595.25,4.04,595.2,10.956,595.15,9.493,595.1,2.72,595.05,19.763,595,14.106
1715247447155,1715247447097601000,GATE,BNBUSDT,595.5,10.143,595.55,5.998,595.6,7.711,595.65,13.917,595.7,14.766,595.75,24.559,595.8,13.827,595.85,24.766,595.9,15.924,595.95,13.064,595.45,6.547,595.35,2.728,595.3,4,595.25,4.04,595.2,10.956,595.15,9.493,595.1,2.72,595.05,19.763,595,14.106,594.95,22.702
1715247447243,1715247447194046000,GATE,BNBUSDT,595.5,9.629,595.55,12.482,595.6,19.47,595.65,13.917,595.7,21.484,595.75,12.803,595.8,13.827,595.85,18.05,595.9,15.924,595.95,13.097,595.45,6.547,595.35,2.728,595.3,4,595.25,4.04,595.2,10.956,595.15,9.493,595.1,2.72,595.05,19.763,595,14.106,594.95,21.693
1715247447323,1715247447308299000,GATE,BNBUSDT,595.5,11.219,595.55,12.482,595.6,19.466,595.65,13.917,595.7,14.766,595.75,19.521,595.8,13.827,595.85,18.05,595.9,15.924,595.95,13.097,595.45,6.547,595.35,2.728,595.3,4,595.25,4.04,595.2,10.956,595.15,9.493,595.1,2.72,595.05,19.763,595,14.106,594.95,21.693
1715247447416,1715247447402475000,GATE,BNBUSDT,595.5,11.219,595.55,12.482,595.6,19.466,595.65,13.917,595.7,14.766,595.75,19.521,595.8,13.827,595.85,18.05,595.9,15.924,595.95,13.097,595.45,6.547,595.35,2.728,595.3,4,595.25,4.04,595.2,10.956,595.15,9.493,595.1,2.72,595.05,19.763,595,14.106,594.95,21.693
1715247447469,1715247447494814000,GATE,BNBUSDT,595.5,11.219,595.55,12.482,595.6,19.466,595.65,13.917,595.7,14.766,595.75,19.521,595.8,13.827,595.85,18.05,595.9,15.924,595.95,13.097,595.45,6.547,595.35,2.728,595.3,4,595.25,4.04,595.2,10.956,595.15,9.493,595.1,2.72,595.05,19.763,595,14.106,594.95,21.693
1715247447862,1715247447797992000,GATE,BNBUSDT,595.5,11.219,595.55,5.998,595.6,11.707,595.65,13.917,595.7,26.523,595.75,19.521,595.8,13.827,595.85,18.05,595.9,15.924,595.95,13.097,595.45,6.547,595.35,2.728,595.3,4,595.25,4.04,595.2,10.956,595.15,5.493,595.1,2.72,595.05,19.763,595,14.106,594.95,21.693
1715247447912,1715247447901281000,GATE,BNBUSDT,595.5,13.18,595.55,10.079,595.6,11.707,595.65,13.917,595.7,26.523,595.75,19.521,595.8,13.827,595.85,18.05,595.9,15.924,595.95,13.097,595.45,6.547,595.35,2.728,595.3,4,595.25,4.04,595.2,10.956,595.15,5.493,595.1,2.72,595.05,19.763,595,14.106,594.95,21.693
1715247448010,1715247447996529000,GATE,BNBUSDT,595.5,13.18,595.55,10.075,595.6,11.707,595.65,13.917,595.7,26.523,595.75,12.803,595.8,20.544,595.85,18.05,595.9,15.924,595.95,13.097,595.45,6.547,595.35,2.728,595.3,4,595.25,4.04,595.2,10.956,595.15,5.493,595.1,2.72,595.05,19.763,595,14.106,594.95,28.419
1715247448074,1715247448106972000,GATE,BNBUSDT,595.5,13.18,595.55,10.075,595.6,11.707,595.65,13.917,595.7,26.523,595.75,12.803,595.8,20.544,595.85,18.05,595.9,15.924,595.95,13.097,595.45,6.547,595.35,2.728,595.3,4,595.25,4.04,595.2,10.956,595.15,5.493,595.1,2.72,595.05,19.763,595,14.106,594.95,28.419
1715247448339,1715247448296552000,GATE,BNBUSDT,595.5,13.18,595.55,10.075,595.6,8.457,595.65,13.917,595.7,26.523,595.75,12.803,595.8,20.544,595.85,18.05,595.9,15.924,595.95,13.097,595.45,6.547,595.35,2.728,595.3,4,595.25,4.04,595.2,10.956,595.15,5.493,595.1,2.72,595.05,19.763,595,14.106,594.95,28.419
1715247448471,1715247448405621000,GATE,BNBUSDT,595.5,12.142,595.55,5.998,595.6,8.457,595.65,13.917,595.7,26.523,595.75,12.803,595.8,20.544,595.85,18.05,595.9,15.924,595.95,13.097,595.45,6.547,595.35,2.728,595.3,4,595.25,4.04,595.2,10.956,595.15,5.493,595.1,2.72,595.05,19.763,595,14.106,594.95,28.419
1715247448564,1715247448502236000,GATE,BNBUSDT,595.5,12.142,595.55,6.002,595.6,8.457,595.65,13.917,595.7,26.523,595.75,12.803,595.8,20.544,595.85,18.05,595.9,15.924,595.95,13.097,595.45,6.547,595.35,2.728,595.3,4,595.25,4.04,595.2,10.956,595.15,5.493,595.1,2.72,595.05,19.763,595,14.106,594.95,28.419
1715247448625,1715247448607927000,GATE,BNBUSDT,595.5,12.142,595.55,6.002,595.6,8.457,595.65,13.917,595.7,26.523,595.75,16.218,595.8,20.544,595.85,18.05,595.9,15.924,595.95,13.097,595.45,6.547,595.35,2.728,595.3,4,595.25,4.04,595.2,10.956,595.15,5.493,595.1,2.72,595.05,19.763,595,14.106,594.95,28.419
1715247448724,1715247448699106000,GATE,BNBUSDT,595.5,12.142,595.55,6.002,595.6,8.457,595.65,13.917,595.7,26.523,595.75,16.218,595.8,20.544,595.85,18.05,595.9,15.924,595.95,13.097,595.45,6.547,595.35,2.728,595.3,4,595.25,4.04,595.2,10.956,595.15,5.493,595.1,2.72,595.05,19.763,595,14.106,594.95,28.419
1715247448852,1715247448802305000,GATE,BNBUSDT,595.5,12.142,595.55,10.002,595.6,8.457,595.65,13.917,595.7,26.523,595.75,16.218,595.8,20.544,595.85,18.05,595.9,15.924,595.95,13.097,595.45,6.547,595.35,2.728,595.3,4,595.25,4.04,595.2,10.956,595.15,5.493,595.1,2.72,595.05,19.763,595,14.106,594.95,28.419
1715247448925,1715247448900938000,GATE,BNBUSDT,595.5,13.527,595.55,14.822,595.6,11.707,595.65,13.917,595.7,26.523,595.75,16.218,595.8,20.544,595.85,18.05,595.9,15.924,595.95,13.097,595.45,6.547,595.35,2.728,595.3,4,595.25,4,595.2,10.956,595.15,5.493,595.1,2.72,595.05,13.098,595,14.106,594.95,21.693
1715247448975,1715247448999104000,GATE,BNBUSDT,595.5,13.527,595.55,14.822,595.6,11.707,595.65,13.917,595.7,26.523,595.75,16.218,595.8,20.544,595.85,18.05,595.9,15.924,595.95,13.097,595.45,6.547,595.35,2.728,595.3,4,595.25,4,595.2,10.996,595.15,5.493,595.1,2.72,595.05,13.098,595,14.106,594.95,21.693
1715247449097,1715247449100565000,GATE,BNBUSDT,595.5,13.527,595.55,14.822,595.6,11.707,595.65,13.917,595.7,26.523,595.75,16.218,595.8,20.544,595.85,18.05,595.9,15.924,595.95,13.097,595.45,6.547,595.35,2.728,595.3,4,595.25,4,595.2,10.996,595.15,5.493,595.1,2.72,595.05,13.098,595,14.106,594.95,21.693
1715247449235,1715247449207061000,GATE,BNBUSDT,595.5,13.527,595.55,14.822,595.6,11.707,595.65,13.917,595.7,26.523,595.75,16.218,595.8,20.544,595.85,18.05,595.9,15.924,595.95,13.097,595.45,6.547,595.35,2.728,595.3,4,595.25,4,595.2,10.996,595.15,5.493,595.1,2.72,595.05,16.513,595,14.106,594.95,21.693
1715247449336,1715247449298855000,GATE,BNBUSDT,595.5,13.527,595.55,14.822,595.6,11.707,595.65,13.917,595.7,26.523,595.75,16.218,595.8,20.544,595.85,18.05,595.9,15.924,595.95,13.097,595.45,6.547,595.35,2.728,595.3,4,595.25,4,595.2,10.996,595.15,5.493,595.1,2.72,595.05,19.763,595,14.106,594.95,21.693
1715247449419,1715247449396820000,GATE,BNBUSDT,595.5,13.527,595.55,14.822,595.6,11.707,595.65,13.917,595.7,26.523,595.75,16.218,595.8,20.544,595.85,18.05,595.9,15.924,595.95,13.097,595.45,6.547,595.35,2.728,595.3,4,595.25,4,595.2,10.996,595.15,5.493,595.1,2.72,595.05,19.763,595,14.106,594.95,21.693
1715247449644,1715247449595764000,GATE,BNBUSDT,595.5,9.629,595.55,14.822,595.6,11.707,595.65,13.917,595.7,26.523,595.75,16.218,595.8,20.544,595.85,18.05,595.9,15.924,595.95,13.097,595.45,6.547,595.35,2.728,595.3,4,595.25,4,595.2,10.996,595.15,5.493,595.1,2.72,595.05,19.763,595,14.106,594.95,21.693
1715247449713,1715247449701681000,GATE,BNBUSDT,595.5,14.661,595.55,9.998,595.6,11.707,595.65,13.917,595.7,26.523,595.75,16.218,595.8,20.544,595.85,18.05,595.9,15.924,595.95,13.097,595.45,6.547,595.35,2.728,595.3,4,595.25,4,595.2,10.996,595.15,5.493,595.1,2.72,595.05,19.763,595,14.106,594.95,21.693
1715247449863,1715247449800792000,GATE,BNBUSDT,595.5,14.661,595.55,9.998,595.6,11.707,595.65,17.917,595.7,26.523,595.75,16.218,595.8,20.544,595.85,18.05,595.9,15.924,595.95,13.097,595.45,6.547,595.35,2.728,595.25,4,595.2,10.996,595.15,5.493,595.1,2.72,595.05,19.763,595,14.106,594.95,21.693,594.9,35.688
1715247449880,1715247449899236000,GATE,BNBUSDT,595.5,14.661,595.55,9.998,595.6,11.707,595.65,17.917,595.7,26.523,595.75,16.218,595.8,20.544,595.85,18.05,595.9,15.924,595.95,13.097,595.45,6.547,595.35,2.728,595.25,4,595.2,13.327,595.15,5.493,595.1,2.72,595.05,19.763,595,14.106,594.95,21.693,594.9,35.688
1715247450016,1715247450001873000,GATE,BNBUSDT,595.5,14.661,595.55,9.998,595.6,11.707,595.65,17.917,595.7,26.523,595.75,16.218,595.8,20.544,595.85,18.05,595.9,15.924,595.95,13.097,595.45,6.547,595.35,2.728,595.25,4,595.2,13.327,595.15,5.493,595.1,2.72,595.05,19.763,595,14.106,594.95,21.693,594.9,35.688
1715247450090,1715247450100639000,GATE,BNBUSDT,595.5,14.661,595.55,9.998,595.6,11.707,595.65,17.917,595.7,26.523,595.75,16.218,595.8,20.544,595.85,18.05,595.9,15.924,595.95,13.097,595.45,6.547,595.35,2.728,595.25,4,595.2,13.327,595.15,5.493,595.1,2.72,595.05,19.763,595,14.106,594.95,21.693,594.9,35.688
1715247450210,1715247450203840000,GATE,BNBUSDT,595.5,14.661,595.55,9.998,595.6,11.707,595.65,17.917,595.7,26.523,595.75,16.218,595.8,20.544,595.85,18.05,595.9,15.924,595.95,13.097,595.45,6.547,595.35,2.728,595.25,4,595.2,13.327,595.15,5.493,595.1,2.72,595.05,19.763,595,14.106,594.95,21.693,594.9,35.688
1715247450312,1715247450301890000,GATE,BNBUSDT,595.5,11.352,595.55,8.594,595.6,8.457,595.65,17.917,595.7,26.523,595.75,16.218,595.8,20.544,595.85,18.05,595.9,15.924,595.95,13.097,595.45,6.547,595.35,2.728,595.25,4,595.2,13.327,595.15,5.493,595.1,2.72,595.05,19.763,595,14.106,594.95,21.693,594.9,35.688
1715247450391,1715247450400204000,GATE,BNBUSDT,595.5,14.181,595.55,8.594,595.6,8.457,595.65,17.917,595.7,26.523,595.75,16.218,595.8,20.544,595.85,18.05,595.9,15.924,595.95,13.097,595.45,6.547,595.35,2.728,595.25,4,595.2,13.327,595.15,5.493,595.1,2.72,595.05,19.763,595,14.106,594.95,21.693,594.9,35.688
1715247450552,1715247450497830000,GATE,BNBUSDT,595.5,18.848,595.55,11.622,595.6,11.707,595.65,17.113,595.7,26.523,595.75,16.218,595.8,20.544,595.85,18.05,595.9,16.087,595.95,13.064,595.45,1.369,595.35,2.728,595.25,4,595.2,9.077,595.15,5.493,595.1,2.72,595.05,14.844,595,14.106,594.95,21.693,594.9,35.688
1715247450657,1715247450612010000,GATE,BNBUSDT,595.5,18.848,595.55,23.382,595.6,11.707,595.65,20.035,595.7,14.766,595.75,16.218,595.8,20.544,595.85,18.05,595.9,16.087,595.95,13.064,595.45,1.369,595.35,2.728,595.3,3.721,595.25,8.25,595.2,6.746,595.15,5.493,595.1,2.72,595.05,14.291,595,14.106,594.95,14.179
1715247450708,1715247450694276000,GATE,BNBUSDT,595.5,18.848,595.55,23.382,595.6,11.707,595.65,20.035,595.7,14.766,595.75,16.218,595.8,20.544,595.85,18.05,595.9,17.264,595.95,13.064,595.45,1.369,595.35,2.728,595.3,3.721,595.25,8.25,595.2,6.746,595.15,5.493,595.1,2.72,595.05,14.291,595,14.106,594.95,14.179
1715247450834,1715247450809033000,GATE,BNBUSDT,595.5,22.848,595.55,23.382,595.6,11.707,595.65,20.035,595.7,14.766,595.75,16.218,595.8,20.544,595.85,18.05,595.9,17.264,595.95,13.064,595.45,2.728,595.35,2.728,595.3,3.721,595.25,8.25,595.2,6.746,595.15,5.493,595.1,2.72,595.05,10.876,595,14.106,594.95,14.179
1715247451019,1715247451006707000,GATE,BNBUSDT,595.5,22.848,595.55,23.382,595.6,11.707,595.65,20.035,595.7,21.484,595.75,16.218,595.8,13.827,595.85,18.05,595.9,17.264,595.95,13.064,595.45,2.728,595.35,2.728,595.3,3.721,595.25,8.25,595.2,6.746,595.15,5.493,595.1,2.72,595.05,10.876,595,14.106,594.95,14.179
1715247451089,1715247451101611000,GATE,BNBUSDT,595.5,22.848,595.55,23.382,595.6,11.707,595.65,20.035,595.7,21.484,595.75,16.218,595.8,13.827,595.85,18.05,595.9,17.264,595.95,13.064,595.45,2.728,595.35,2.728,595.3,3.721,595.25,8.25,595.2,6.746,595.15,5.493,595.1,2.72,595.05,10.876,595,14.106,594.95,14.179
1715247451205,1715247451199711000,GATE,BNBUSDT,595.5,22.848,595.55,23.382,595.6,11.707,595.65,20.035,595.7,21.484,595.75,16.218,595.8,13.827,595.85,18.05,595.9,17.264,595.95,13.064,595.45,2.728,595.35,2.728,595.3,3.721,595.25,8.25,595.2,6.746,595.15,5.493,595.1,2.72,595.05,10.876,595,14.106,594.95,14.179
1715247451359,1715247451301919000,GATE,BNBUSDT,595.5,12.742,595.55,7.622,595.6,11.707,595.65,28.318,595.7,14.766,595.75,16.218,595.8,21.097,595.85,18.05,595.9,16.054,595.95,13.097,595.45,2.728,595.4,2.861,595.35,2.728,595.25,8.25,595.2,6.746,595.15,5.493,595.1,2.72,595.05,17.541,595,15.775,594.95,12.51
1715247451381,1715247451403013000,GATE,BNBUSDT,595.5,12.742,595.55,7.626,595.6,11.707,595.65,28.318,595.7,14.766,595.75,16.218,595.8,21.097,595.85,18.05,595.9,16.054,595.95,13.097,595.45,2.728,595.4,2.861,595.35,2.728,595.25,8.25,595.2,6.746,595.15,5.493,595.1,2.72,595.05,17.541,595,15.775,594.95,12.51
1715247451537,1715247451501968000,GATE,BNBUSDT,595.5,14.039,595.55,7.626,595.6,11.707,595.65,28.318,595.7,14.766,595.75,16.218,595.8,21.097,595.85,18.05,595.9,16.054,595.95,13.097,595.45,2.728,595.4,2.861,595.35,2.728,595.25,8.25,595.2,6.746,595.15,5.493,595.1,2.72,595.05,17.541,595,15.775,594.95,12.51
1715247451725,1715247451697702000,GATE,BNBUSDT,595.5,14.039,595.55,7.626,595.6,11.707,595.65,28.318,595.7,14.766,595.75,16.218,595.8,21.097,595.85,18.05,595.9,16.054,595.95,13.097,595.45,2.728,595.4,2.861,595.35,2.728,595.25,8.25,595.2,6.746,595.15,5.493,595.1,2.72,595.05,17.541,595,15.775,594.95,12.51
1715247452056,1715247451997121000,GATE,BNBUSDT,595.5,14.039,595.55,7.626,595.6,11.707,595.65,28.318,595.7,21.994,595.75,16.218,595.8,14.38,595.85,18.05,595.9,16.054,595.95,13.097,595.45,2.728,595.4,2.861,595.35,2.728,595.25,8.25,595.2,6.746,595.15,5.493,595.1,2.72,595.05,17.541,595,15.775,594.95,12.51
1715247452160,1715247452099390000,GATE,BNBUSDT,595.5,14.039,595.55,7.626,595.6,11.707,595.65,28.318,595.7,15.276,595.75,22.936,595.8,14.38,595.85,18.05,595.9,16.054,595.95,13.097,595.45,2.728,595.4,2.861,595.35,2.728,595.25,8.25,595.2,6.746,595.15,5.493,595.1,2.72,595.05,17.541,595,15.775,594.95,12.51
1715247452261,1715247452200699000,GATE,BNBUSDT,595.5,14.039,595.55,7.626,595.6,11.707,595.65,28.318,595.7,15.276,595.75,22.936,595.8,14.38,595.85,18.05,595.9,16.054,595.95,13.097,595.45,2.728,595.4,2.861,595.35,2.728,595.25,8.25,595.2,6.746,595.15,5.493,595.1,2.72,595.05,17.541,595,15.775,594.95,12.51
1715247452292,1715247452301734000,GATE,BNBUSDT,595.5,14.039,595.55,7.626,595.6,8.457,595.65,28.318,595.7,15.276,595.75,22.936,595.8,14.38,595.85,18.05,595.9,16.054,595.95,13.097,595.45,2.728,595.4,2.861,595.35,2.728,595.25,8.25,595.2,6.746,595.15,5.493,595.1,2.72,595.05,17.541,595,15.775,594.95,12.51
1715247452586,1715247452595757000,GATE,BNBUSDT,595.5,14.039,595.55,7.626,595.6,8.457,595.65,28.318,595.7,15.276,595.75,22.936,595.8,14.38,595.85,18.05,595.9,16.054,595.95,13.097,595.45,2.728,595.4,2.861,595.35,2.728,595.25,8.25,595.2,6.746,595.15,5.493,595.1,2.72,595.05,17.541,595,15.775,594.95,12.51
1715247452686,1715247452710796000,GATE,BNBUSDT,595.5,14.039,595.55,7.626,595.6,8.457,595.65,28.318,595.7,15.276,595.75,22.936,595.8,14.38,595.85,18.05,595.9,16.054,595.95,13.097,595.45,2.728,595.4,2.861,595.35,2.728,595.25,8.25,595.2,6.746,595.15,5.493,595.1,2.72,595.05,17.541,595,15.775,594.95,12.51
1715247452954,1715247452910405000,GATE,BNBUSDT,595.5,12.742,595.55,7.626,595.6,8.457,595.65,16.56,595.7,23.783,595.75,22.936,595.8,14.38,595.85,18.05,595.9,16.054,595.95,13.097,595.45,2.728,595.4,2.861,595.35,2.728,595.25,8.25,595.2,6.746,595.15,5.493,595.1,2.72,595.05,17.541,595,15.775,594.95,12.51
1715247453066,1715247453006293000,GATE,BNBUSDT,595.5,6.9,595.55,7.626,595.6,8.457,595.65,16.56,595.7,23.273,595.75,16.218,595.8,21.097,595.85,18.05,595.9,16.054,595.95,13.097,595.45,5.978,595.4,2.861,595.35,2.728,595.25,8.25,595.2,6.746,595.15,8.743,595.1,2.72,595.05,17.541,595,15.775,594.95,19.236
1715247453123,1715247453103289000,GATE,BNBUSDT,595.5,6.379,595.55,2.737,595.6,4.457,595.65,10.603,595.7,23.273,595.75,16.218,595.8,21.097,595.85,18.05,595.9,16.054,595.95,13.097,595.45,5.978,595.4,2.861,595.35,2.728,595.25,8.25,595.2,6.746,595.15,8.743,595.1,2.72,595.05,17.541,595,15.775,594.95,36.756
1715247453259,1715247453206750000,GATE,BNBUSDT,595.5,6.379,595.55,2.733,595.6,1.089,595.65,10.603,595.7,27.415,595.75,16.218,595.8,21.097,595.85,18.05,595.9,16.054,595.95,13.097,595.45,5.978,595.4,2.861,595.35,2.728,595.25,10.571,595.2,6.746,595.15,8.743,595.1,6.135,595.05,17.541,595,15.775,594.95,36.756
1715247453337,1715247453312450000,GATE,BNBUSDT,595.5,6.379,595.55,2.733,595.6,2.837,595.65,4.327,595.7,27.415,595.75,16.218,595.8,21.097,595.85,18.05,595.9,16.054,595.95,13.064,595.45,5.978,595.4,2.861,595.35,2.728,595.25,10.571,595.2,6.746,595.15,9.296,595.1,6.135,595.05,17.541,595,15.775,594.95,36.756
1715247453437,1715247453400060000,GATE,BNBUSDT,595.5,6.379,595.55,2.733,595.6,0.004,595.65,18.224,595.7,27.415,595.75,18.494,595.8,21.097,595.85,18.05,595.9,16.054,595.95,13.064,595.45,5.978,595.4,2.861,595.35,2.728,595.25,10.571,595.2,6.746,595.15,9.296,595.1,6.135,595.05,19.21,595,14.106,594.95,19.236
1715247453539,1715247453507080000,GATE,BNBUSDT,595.5,6.379,595.55,2.733,595.6,0.004,595.65,18.224,595.7,27.415,595.75,18.494,595.8,21.097,595.85,18.05,595.9,16.054,595.95,13.064,595.45,5.978,595.4,2.861,595.35,2.728,595.25,10.571,595.2,10.161,595.15,9.296,595.1,6.135,595.05,19.21,595,14.106,594.95,19.236
1715247453641,1715247453603166000,GATE,BNBUSDT,595.5,6.379,595.55,2.733,595.6,0.004,595.65,18.224,595.7,27.415,595.75,18.494,595.8,21.097,595.85,18.05,595.9,16.054,595.95,13.064,595.45,5.978,595.4,2.861,595.35,2.728,595.25,10.571,595.2,10.161,595.15,9.296,595.1,6.135,595.05,19.21,595,10.691,594.95,19.236
1715247453755,1715247453711572000,GATE,BNBUSDT,595.5,6.379,595.55,2.733,595.6,0.004,595.65,18.224,595.7,27.415,595.75,18.494,595.8,21.097,595.85,18.05,595.9,16.054,595.95,13.064,595.45,5.978,595.4,2.861,595.35,2.728,595.25,10.571,595.2,10.161,595.15,9.296,595.1,6.135,595.05,19.21,595,10.691,594.95,19.236
1715247453858,1715247453810494000,GATE,BNBUSDT,595.5,6.379,595.55,2.733,595.6,5.011,595.65,4.327,595.7,27.415,595.75,13.921,595.8,21.097,595.85,18.05,595.9,16.054,595.95,13.064,595.45,9.978,595.4,2.861,595.35,2.728,595.3,4,595.25,10.571,595.2,10.161,595.15,9.296,595.1,6.135,595.05,18.7,595,10.691
1715247453964,1715247453907163000,GATE,BNBUSDT,595.6,1.933,595.65,13.592,595.7,23.273,595.75,13.921,595.8,14.38,595.85,18.05,595.9,22.64,595.95,13.064,596,12.815,596.05,34.866,595.45,9.978,595.4,2.861,595.35,2.728,595.3,4,595.25,11.5,595.2,10.161,595.15,9.296,595.1,6.135,595.05,18.7,595,10.691
1715247454044,1715247454005198000,GATE,BNBUSDT,595.6,5.34,595.65,6.679,595.7,12.31,595.75,22.952,595.8,16.527,595.85,15.345,595.9,19.934,595.95,13.064,596,12.815,596.05,34.866,595.55,9.978,595.5,3.83,595.45,4,595.35,5.433,595.3,6.705,595.25,11.5,595.2,10.161,595.15,9.296,595.1,8.827,595.05,25.425
1715247454151,1715247454103964000,GATE,BNBUSDT,595.6,3.529,595.65,6.683,595.7,3.392,595.75,7.782,595.8,28.282,595.85,15.345,595.9,19.934,595.95,13.064,596,12.815,596.05,34.866,595.55,9.978,595.5,3.83,595.45,4,595.35,5.433,595.3,8.973,595.25,14.205,595.2,10.161,595.15,9.296,595.1,8.827,595.05,25.425
1715247454261,1715247454206855000,GATE,BNBUSDT,595.6,2.138,595.65,6.683,595.7,1.628,595.75,7.782,595.8,28.282,595.85,15.345,595.9,19.934,595.95,13.064,596,12.815,596.05,54.806,595.55,9.978,595.5,3.83,595.45,4,595.35,5.433,595.3,8.973,595.25,14.205,595.2,10.161,595.15,9.296,595.1,8.827,595.05,25.425
1715247454359,1715247454299182000,GATE,BNBUSDT,595.6,6.081,595.65,6.679,595.7,1.632,595.75,7.782,595.8,28.282,595.85,15.345,595.9,19.934,595.95,13.064,596,12.815,596.05,54.806,595.55,6.728,595.5,3.83,595.45,4,595.35,5.433,595.3,8.973,595.25,14.205,595.2,10.161,595.15,9.296,595.1,8.827,595.05,25.425
1715247454392,1715247454401197000,GATE,BNBUSDT,595.6,6.081,595.65,6.679,595.7,2.782,595.75,18.047,595.8,28.282,595.85,15.345,595.9,19.934,595.95,13.064,596,12.782,596.05,54.839,595.55,6.728,595.5,3.83,595.45,4,595.35,5.433,595.3,8.973,595.25,14.715,595.2,10.161,595.15,9.296,595.1,8.827,595.05,25.425
1715247454542,1715247454501148000,GATE,BNBUSDT,595.6,6.081,595.65,6.679,595.7,2.782,595.75,18.047,595.8,28.282,595.85,15.345,595.9,19.934,595.95,13.064,596,12.782,596.05,54.839,595.55,9.978,595.5,3.83,595.45,4,595.35,5.433,595.3,8.973,595.25,14.715,595.2,10.161,595.15,9.296,595.1,8.827,595.05,25.425
1715247454620,1715247454605215000,GATE,BNBUSDT,595.6,7.76,595.65,6.679,595.7,2.782,595.75,18.047,595.8,28.282,595.85,15.345,595.9,19.934,595.95,13.064,596,12.782,596.05,54.839,595.55,9.978,595.5,3.83,595.45,4,595.35,5.433,595.3,8.973,595.25,14.715,595.2,10.161,595.15,9.296,595.1,10.496,595.05,23.756
1715247454741,1715247454701069000,GATE,BNBUSDT,595.6,7.76,595.65,6.679,595.7,2.782,595.75,18.047,595.8,31.532,595.85,15.345,595.9,19.934,595.95,13.064,596,12.782,596.05,54.839,595.55,6.728,595.5,3.83,595.45,4,595.35,5.433,595.3,8.973,595.25,14.715,595.2,10.161,595.15,9.296,595.1,10.496,595.05,23.756
1715247454811,1715247454806665000,GATE,BNBUSDT,595.6,8.802,595.65,6.679,595.7,6.782,595.75,18.047,595.8,31.532,595.85,15.345,595.9,19.934,595.95,13.064,596,12.782,596.05,54.839,595.55,2.728,595.5,3.83,595.4,4,595.35,5.433,595.3,8.973,595.25,14.715,595.2,6.161,595.15,9.296,595.1,10.496,595.05,23.756
1715247454916,1715247454900415000,GATE,BNBUSDT,595.6,8.802,595.65,9.483,595.7,6.782,595.75,18.047,595.8,31.532,595.85,15.345,595.9,19.934,595.95,13.064,596,12.782,596.05,54.839,595.55,2.728,595.5,3.83,595.4,4,595.35,5.433,595.3,8.973,595.25,11.465,595.2,6.161,595.15,9.296,595.1,10.496,595.05,23.756
1715247454988,1715247455002719000,GATE,BNBUSDT,595.6,8.802,595.65,9.483,595.7,6.778,595.75,18.047,595.8,31.532,595.85,15.345,595.9,19.934,595.95,13.064,596,12.782,596.05,54.839,595.55,2.728,595.5,3.83,595.4,4,595.35,5.433,595.3,8.973,595.25,11.465,595.2,6.161,595.15,9.296,595.1,10.496,595.05,23.756
1715247455150,1715247455102632000,GATE,BNBUSDT,595.6,12.44,595.65,9.483,595.7,6.778,595.75,18.047,595.8,31.532,595.85,15.345,595.9,19.934,595.95,13.064,596,12.782,596.05,54.839,595.55,2.728,595.5,3.83,595.4,4,595.35,5.433,595.3,8.973,595.25,11.465,595.2,6.161,595.15,9.296,595.1,10.496,595.05,17.031
1715247455232,1715247455205506000,GATE,BNBUSDT,595.6,12.44,595.65,9.483,595.7,6.778,595.75,18.047,595.8,31.532,595.85,15.345,595.9,19.934,595.95,13.064,596,13.959,596.05,54.839,595.55,2.728,595.5,3.83,595.4,4,595.35,5.433,595.3,8.973,595.25,11.465,595.2,6.161,595.15,9.296,595.1,10.496,595.05,17.031
1715247455353,1715247455295486000,GATE,BNBUSDT,595.6,15.629,595.65,23.325,595.7,10.028,595.75,21.039,595.8,19.777,595.85,15.345,595.9,21.243,595.95,13.064,596,13.959,596.05,54.839,595.5,3.83,595.4,4,595.35,5.433,595.3,8.973,595.25,11.465,595.2,2.746,595.15,5.493,595.1,10.496,595.05,17.031,595,26.334
1715247455456,1715247455399778000,GATE,BNBUSDT,595.45,7.25,595.5,5.929,595.55,9.768,595.6,14.097,595.65,29.494,595.7,16.423,595.75,20.617,595.8,14.38,595.85,15.345,595.9,17.219,595.4,4,595.35,2.728,595.3,6.268,595.25,8.76,595.2,2.746,595.15,5.493,595.1,5.97,595.05,10.366,595,26.334,594.95,24.712
1715247455560,1715247455504961000,GATE,BNBUSDT,595.45,7.25,595.5,9.698,595.55,9.768,595.6,14.097,595.65,25.548,595.7,19.838,595.75,20.617,595.8,14.38,595.85,15.345,595.9,17.219,595.35,9.479,595.3,6.268,595.25,8.76,595.2,0.04,595.15,5.493,595.1,5.97,595.05,7.671,595,26.334,594.95,24.712,594.9,31.433
1715247455644,1715247455596130000,GATE,BNBUSDT,595.45,7.25,595.5,12.974,595.55,9.768,595.6,14.097,595.65,25.548,595.7,19.838,595.75,20.617,595.8,14.38,595.85,15.345,595.9,17.219,595.4,6.728,595.35,9.479,595.3,6.268,595.25,8.76,595.2,2.739,595.15,5.493,595.1,5.97,595.05,7.671,595,26.334,594.95,24.712
1715247455678,1715247455704242000,GATE,BNBUSDT,595.45,7.25,595.5,12.972,595.55,9.768,595.6,14.097,595.65,25.548,595.7,19.838,595.75,20.617,595.8,14.38,595.85,15.345,595.9,17.219,595.4,6.728,595.35,9.479,595.3,6.268,595.25,8.76,595.2,2.739,595.15,5.493,595.1,5.97,595.05,7.671,595,26.334,594.95,24.712
1715247455813,1715247455805296000,GATE,BNBUSDT,595.45,7.25,595.5,12.972,595.55,9.768,595.6,14.097,595.65,25.548,595.7,19.838,595.75,20.617,595.8,14.38,595.85,15.345,595.9,17.219,595.4,2.728,595.35,9.479,595.3,6.268,595.25,8.76,595.2,6.739,595.15,5.493,595.1,5.97,595.05,7.671,595,26.334,594.95,24.712
1715247455927,1715247455907743000,GATE,BNBUSDT,595.45,7.25,595.5,15.025,595.55,9.768,595.6,14.097,595.65,25.548,595.7,19.838,595.75,20.617,595.8,14.38,595.85,15.345,595.9,17.219,595.4,2.728,595.35,9.479,595.3,6.268,595.25,8.76,595.2,6.739,595.15,5.493,595.1,5.97,595.05,7.671,595,26.334,594.95,24.712
1715247456046,1715247456000338000,GATE,BNBUSDT,595.45,7.25,595.5,12.972,595.55,9.768,595.6,14.097,595.65,25.548,595.7,19.838,595.75,13.9,595.8,21.097,595.85,15.345,595.9,17.219,595.4,2.728,595.35,9.479,595.3,6.268,595.25,8.76,595.2,6.739,595.15,5.493,595.1,5.97,595.05,7.671,595,26.334,594.95,24.712
1715247456213,1715247456201608000,GATE,BNBUSDT,595.45,7.25,595.5,12.972,595.55,9.768,595.6,14.097,595.65,25.548,595.7,19.838,595.75,13.9,595.8,21.097,595.85,15.345,595.9,17.219,595.4,2.728,595.35,9.479,595.3,6.268,595.25,8.76,595.2,6.739,595.15,5.493,595.1,5.97,595.05,7.671,595,26.334,594.95,24.712
1715247456351,1715247456296604000,GATE,BNBUSDT,595.45,8.447,595.5,15.626,595.55,9.768,595.6,14.097,595.65,25.548,595.7,19.838,595.75,13.9,595.8,21.097,595.85,15.345,595.9,17.219,595.4,2.728,595.35,9.479,595.3,6.268,595.25,8.76,595.2,6.739,595.15,5.493,595.1,5.97,595.05,7.671,595,26.334,594.95,24.712
1715247456452,1715247456399341000,GATE,BNBUSDT,595.45,7.25,595.5,15.191,595.55,9.768,595.6,14.097,595.65,25.548,595.7,19.838,595.75,13.9,595.8,21.097,595.85,15.345,595.9,17.219,595.4,2.728,595.35,9.479,595.3,6.268,595.25,8.76,595.2,6.739,595.15,5.493,595.1,5.97,595.05,7.671,595,26.334,594.95,24.712
1715247456556,1715247456499175000,GATE,BNBUSDT,595.5,14.029,595.55,12.15,595.6,14.097,595.65,17.45,595.7,16.588,595.75,13.9,595.8,21.097,595.85,15.345,595.9,17.219,595.95,13.097,595.4,5.978,595.35,9.479,595.3,6.268,595.25,8.76,595.2,6.739,595.15,5.493,595.1,5.97,595.05,7.671,595,26.334,594.95,24.712
1715247456649,1715247456599519000,GATE,BNBUSDT,595.5,17.277,595.55,12.15,595.6,14.097,595.65,17.45,595.7,25.225,595.75,13.9,595.8,21.097,595.85,15.345,595.9,17.219,595.95,13.097,595.45,6.728,595.4,5.978,595.35,6.751,595.3,6.268,595.25,8.76,595.2,6.739,595.15,5.493,595.1,5.97,595.05,13.777,595,26.334
1715247456747,1715247456700123000,GATE,BNBUSDT,595.5,13.279,595.55,9.768,595.6,4.99,595.65,15.811,595.7,36.982,595.75,13.9,595.8,21.097,595.85,15.345,595.9,17.219,595.95,13.097,595.45,6.728,595.4,5.978,595.35,6.751,595.3,6.268,595.25,8.76,595.2,6.739,595.15,5.493,595.1,5.97,595.05,13.777,595,31.418
1715247456791,1715247456796764000,GATE,BNBUSDT,595.5,13.279,595.55,9.768,595.6,9.972,595.65,19.811,595.7,36.982,595.75,13.9,595.8,21.097,595.85,15.345,595.9,17.219,595.95,13.097,595.45,6.728,595.4,5.978,595.35,6.751,595.3,6.268,595.25,8.76,595.2,6.739,595.15,5.493,595.1,5.97,595.05,13.777,595,31.418
1715247457051,1715247457003785000,GATE,BNBUSDT,595.5,13.279,595.55,9.768,595.6,9.972,595.65,19.811,595.7,36.982,595.75,13.9,595.8,21.097,595.85,15.345,595.9,17.219,595.95,13.097,595.45,6.728,595.4,5.978,595.35,6.751,595.3,6.268,595.25,8.76,595.2,6.739,595.15,5.493,595.1,5.97,595.05,13.777,595,31.418
1715247457158,1715247457104941000,GATE,BNBUSDT,595.5,13.279,595.55,9.768,595.6,9.972,595.65,19.811,595.7,36.982,595.75,13.9,595.8,21.097,595.85,15.345,595.9,17.219,595.95,13.097,595.45,2.728,595.4,5.978,595.35,6.751,595.3,6.268,595.25,8.76,595.2,6.739,595.15,5.493,595.1,5.97,595.05,13.777,595,31.418
1715247457254,1715247457203671000,GATE,BNBUSDT,595.5,13.279,595.55,9.768,595.6,9.972,595.65,19.811,595.7,36.982,595.75,13.9,595.8,21.097,595.85,15.345,595.9,17.219,595.95,13.097,595.45,2.728,595.4,5.978,595.35,6.751,595.3,6.268,595.25,8.76,595.2,6.739,595.15,5.493,595.1,5.97,595.05,13.777,595,31.418
1715247457292,1715247457296481000,GATE,BNBUSDT,595.5,13.279,595.55,9.768,595.6,9.972,595.65,19.811,595.7,36.982,595.75,13.9,595.8,21.097,595.85,15.345,595.9,17.219,595.95,13.097,595.45,2.728,595.4,2.728,595.35,6.751,595.3,6.268,595.25,8.76,595.2,6.739,595.15,5.493,595.1,5.97,595.05,13.777,595,31.418
1715247457493,1715247457496273000,GATE,BNBUSDT,595.5,13.279,595.55,9.768,595.6,9.972,595.65,19.811,595.7,36.982,595.75,13.9,595.8,21.097,595.85,15.345,595.9,17.219,595.95,13.097,595.45,2.728,595.4,2.728,595.35,6.751,595.3,6.268,595.25,8.76,595.2,6.739,595.15,5.493,595.1,5.97,595.05,13.777,595,31.418
1715247457640,1715247457597454000,GATE,BNBUSDT,595.5,5.446,595.55,11.697,595.6,9.972,595.65,19.811,595.7,25.225,595.75,25.656,595.8,14.38,595.85,22.061,595.9,17.219,595.95,13.097,595.45,9.45,595.4,2.728,595.35,3.25,595.3,6.268,595.25,8.76,595.2,6.739,595.15,5.493,595.1,5.97,595.05,13.777,595,38.143
1715247457751,1715247457705777000,GATE,BNBUSDT,595.5,5.446,595.55,10.074,595.6,9.972,595.65,9.693,595.7,25.225,595.75,25.656,595.8,14.38,595.85,22.061,595.9,15.91,595.95,13.097,595.45,13.45,595.4,2.728,595.35,3.25,595.3,6.268,595.25,8.76,595.2,6.739,595.15,5.493,595.1,5.97,595.05,13.777,595,38.143
1715247457851,1715247457802171000,GATE,BNBUSDT,595.5,5.446,595.6,5.972,595.65,9.693,595.7,21.975,595.75,25.656,595.8,14.38,595.85,22.061,595.9,15.91,595.95,13.064,596,12.815,595.45,13.45,595.4,2.728,595.35,3.25,595.3,6.268,595.25,8.76,595.2,6.739,595.15,6.046,595.1,9.385,595.05,15.446,595,36.474
1715247457957,1715247457898468000,GATE,BNBUSDT,595.5,3.765,595.6,5.976,595.65,9.693,595.7,18.56,595.75,22.241,595.8,14.38,595.85,15.345,595.9,22.626,595.95,13.064,596,12.782,595.45,13.45,595.4,2.728,595.35,3.25,595.3,8.857,595.25,8.76,595.2,6.739,595.15,6.046,595.1,9.385,595.05,15.446,595,36.474
1715247458050,1715247457996670000,GATE,BNBUSDT,595.5,3.765,595.6,7.905,595.65,9.693,595.7,18.56,595.75,22.241,595.8,14.38,595.85,15.345,595.9,22.626,595.95,13.064,596,12.782,595.45,13.45,595.4,2.728,595.35,3.25,595.3,8.857,595.25,8.76,595.2,10.154,595.15,6.046,595.1,9.385,595.05,15.446,595,36.474
1715247458150,1715247458121062000,GATE,BNBUSDT,595.5,3.765,595.55,2.643,595.6,5.976,595.65,9.693,595.7,18.56,595.75,22.241,595.8,14.38,595.85,22.061,595.9,15.91,595.95,13.064,595.45,13.45,595.4,2.728,595.35,3.25,595.3,8.857,595.25,8.76,595.2,10.154,595.15,6.046,595.1,9.385,595.05,15.446,595,26.334
1715247458622,1715247458598110000,GATE,BNBUSDT,595.5,3.765,595.55,2.643,595.6,5.976,595.65,9.693,595.7,18.56,595.75,22.241,595.8,14.38,595.85,22.061,595.9,15.91,595.95,13.064,595.45,13.45,595.4,2.728,595.35,3.25,595.3,8.857,595.25,8.76,595.2,10.154,595.15,6.046,595.1,9.385,595.05,15.446,595,26.334
1715247458743,1715247458702829000,GATE,BNBUSDT,595.5,3.765,595.55,2.643,595.6,5.976,595.65,9.693,595.7,18.56,595.75,22.241,595.8,14.38,595.85,22.061,595.9,15.91,595.95,13.064,595.45,13.45,595.4,2.728,595.35,7.25,595.3,8.857,595.25,8.76,595.2,10.154,595.15,6.046,595.1,11.054,595.05,13.777,595,26.334
1715247458848,1715247458800627000,GATE,BNBUSDT,595.5,3.765,595.55,0.714,595.6,5.976,595.65,9.693,595.7,18.56,595.75,22.241,595.8,14.38,595.85,22.061,595.9,15.91,595.95,13.064,595.45,13.45,595.4,2.728,595.35,7.25,595.3,8.857,595.25,8.76,595.2,10.154,595.15,6.046,595.1,11.054,595.05,13.777,595,26.334
1715247458902,1715247458903321000,GATE,BNBUSDT,595.5,3.765,595.6,7.905,595.65,9.693,595.7,18.56,595.75,22.241,595.8,11.13,595.85,22.061,595.9,15.91,595.95,13.064,596,12.782,595.45,13.45,595.4,2.728,595.35,7.25,595.3,8.857,595.25,8.76,595.2,10.154,595.15,6.046,595.1,11.054,595.05,13.777,595,26.334
1715247459063,1715247459008659000,GATE,BNBUSDT,595.5,3.765,595.6,1.933,595.65,7.528,595.7,18.56,595.75,22.241,595.8,11.13,595.85,15.345,595.9,22.626,595.95,13.064,596,12.782,595.45,13.45,595.4,2.728,595.35,7.25,595.3,8.857,595.25,12.01,595.2,10.154,595.15,6.046,595.1,11.054,595.05,20.502,595,26.334
1715247459153,1715247459102149000,GATE,BNBUSDT,595.5,3.765,595.6,1.933,595.65,10.975,595.7,18.56,595.75,22.241,595.8,14.38,595.85,15.345,595.9,22.626,595.95,13.064,596,12.782,595.45,13.45,595.4,2.728,595.35,7.25,595.3,8.857,595.25,12.01,595.2,10.154,595.15,6.046,595.1,11.054,595.05,20.502,595,35.517
1715247459218,1715247459206120000,GATE,BNBUSDT,595.5,3.765,595.6,1.933,595.65,10.975,595.7,18.56,595.75,22.241,595.8,14.38,595.85,15.345,595.9,22.626,595.95,13.064,596,12.782,595.45,13.45,595.4,2.728,595.35,7.25,595.3,8.857,595.25,12.01,595.2,10.154,595.15,6.046,595.1,11.054,595.05,20.502,595,35.517
1715247459328,1715247459306591000,GATE,BNBUSDT,595.5,3.765,595.6,1.933,595.65,10.975,595.7,18.56,595.75,22.241,595.8,14.38,595.85,15.345,595.9,22.626,595.95,13.064,596,12.782,595.45,13.45,595.4,2.728,595.35,7.25,595.3,8.857,595.25,12.01,595.2,10.154,595.15,6.046,595.1,11.054,595.05,13.777,595,42.242
1715247459854,1715247459805497000,GATE,BNBUSDT,595.5,7.015,595.6,1.933,595.65,15.5,595.7,18.56,595.75,22.241,595.8,14.38,595.85,15.345,595.9,22.626,595.95,13.064,596,12.782,595.45,6.2,595.4,2.728,595.35,7.25,595.3,8.857,595.25,8.76,595.2,6.739,595.15,6.046,595.1,11.054,595.05,13.777,595,26.599
1715247459964,1715247459908428000,GATE,BNBUSDT,595.5,8.694,595.6,1.933,595.65,15.5,595.7,21.81,595.75,25.656,595.8,14.38,595.85,15.345,595.9,23.935,595.95,13.064,596,12.782,595.45,6.2,595.4,2.728,595.35,7.25,595.3,8.857,595.25,8.76,595.2,6.739,595.15,6.046,595.1,11.054,595.05,13.777,595,26.599
1715247460038,1715247460000971000,GATE,BNBUSDT,595.5,8.694,595.55,1.829,595.6,2.947,595.65,15.5,595.7,21.81,595.75,25.656,595.8,14.38,595.85,22.062,595.9,17.219,595.95,13.064,595.45,9.45,595.4,2.728,595.35,7.25,595.3,8.857,595.25,8.76,595.2,6.739,595.15,6.046,595.1,11.054,595.05,13.777,595,26.599
1715247460151,1715247460099312000,GATE,BNBUSDT,595.5,5.444,595.55,0.9,595.6,2.947,595.65,15.5,595.7,21.81,595.75,25.656,595.8,14.38,595.85,22.062,595.9,17.219,595.95,13.064,595.45,9.45,595.4,2.728,595.35,7.25,595.3,8.857,595.25,8.76,595.2,6.739,595.15,6.046,595.1,11.054,595.05,13.777,595,19.874
1715247460257,1715247460202620000,GATE,BNBUSDT,595.5,5.444,595.6,2.947,595.65,10.975,595.7,18.56,595.75,10.485,595.8,26.135,595.85,22.062,595.9,17.219,595.95,13.064,596,12.782,595.45,9.45,595.4,2.728,595.35,7.25,595.3,8.857,595.25,8.76,595.2,6.739,595.15,9.461,595.1,11.054,595.05,13.777,595,19.874
1715247460357,1715247460301331000,GATE,BNBUSDT,595.5,3.81,595.6,2.941,595.65,0.804,595.7,18.56,595.75,10.485,595.8,26.135,595.85,22.062,595.9,15.91,595.95,13.064,596,12.782,595.45,9.45,595.4,2.728,595.35,7.25,595.3,8.857,595.25,12.175,595.2,6.739,595.15,9.461,595.1,11.054,595.05,13.777,595,19.874
1715247460457,1715247460399605000,GATE,BNBUSDT,595.5,4.394,595.6,1.929,595.65,8.33,595.7,18.56,595.75,10.485,595.8,26.135,595.85,22.062,595.9,15.91,595.95,12.925,596,12.782,595.45,13.45,595.4,2.728,595.35,7.25,595.3,8.857,595.25,12.175,595.2,6.739,595.15,9.461,595.1,11.054,595.05,10.362,595,19.874
1715247460541,1715247460505284000,GATE,BNBUSDT,595.5,4.394,595.6,1.929,595.65,8.33,595.7,18.56,595.75,10.485,595.8,26.135,595.85,22.062,595.9,15.91,595.95,12.925,596,12.782,595.45,13.45,595.4,2.728,595.35,7.25,595.3,8.857,595.25,12.175,595.2,6.699,595.15,9.461,595.1,11.054,595.05,10.362,595,19.874
1715247460589,1715247460602501000,GATE,BNBUSDT,595.5,4.394,595.6,1.929,595.65,8.33,595.7,18.56,595.75,10.485,595.8,26.135,595.85,22.062,595.9,15.91,595.95,12.925,596,12.782,595.45,13.45,595.4,2.768,595.35,7.25,595.3,8.857,595.25,12.175,595.2,6.699,595.15,9.461,595.1,11.054,595.05,10.362,595,19.874
1715247460721,1715247460697022000,GATE,BNBUSDT,595.5,4.394,595.6,5.929,595.65,8.33,595.7,18.56,595.75,10.485,595.8,26.135,595.85,22.062,595.9,15.91,595.95,12.925,596,12.782,595.45,13.45,595.4,2.768,595.35,7.25,595.3,8.857,595.25,12.175,595.2,6.699,595.15,9.461,595.1,11.054,595.05,10.362,595,19.874
1715247460844,1715247460805467000,GATE,BNBUSDT,595.5,4.394,595.6,5.929,595.65,8.33,595.7,18.56,595.75,10.485,595.8,26.135,595.85,22.062,595.9,15.91,595.95,12.925,596,12.782,595.45,13.45,595.4,2.768,595.35,7.25,595.3,8.857,595.25,12.175,595.2,6.699,595.15,9.461,595.1,11.054,595.05,10.362,595,19.874
1715247460930,1715247460900898000,GATE,BNBUSDT,595.5,2.715,595.6,5.929,595.65,8.33,595.7,18.56,595.75,10.485,595.8,26.135,595.85,22.062,595.9,15.91,595.95,12.925,596,12.782,595.45,13.45,595.4,2.768,595.35,7.25,595.3,8.857,595.25,12.175,595.2,6.699,595.15,9.461,595.1,11.054,595.05,10.362,595,19.874
1715247461009,1715247460999800000,GATE,BNBUSDT,595.5,2.715,595.6,5.929,595.65,8.33,595.7,18.56,595.75,10.485,595.8,26.135,595.85,22.062,595.9,15.91,595.95,12.925,596,12.782,595.45,13.45,595.4,2.768,595.35,7.25,595.3,8.857,595.25,12.175,595.2,6.699,595.15,9.461,595.1,11.054,595.05,17.087,595,19.874
1715247461247,1715247461198632000,GATE,BNBUSDT,595.5,0.584,595.6,5.929,595.65,8.33,595.7,18.56,595.75,10.485,595.8,22.885,595.85,15.345,595.9,22.626,595.95,12.925,596,12.782,595.45,13.45,595.4,2.768,595.35,7.25,595.3,8.857,595.25,15.425,595.2,6.699,595.15,9.461,595.1,11.054,595.05,17.087,595,19.874
1715247461356,1715247461309111000,GATE,BNBUSDT,595.5,0.584,595.6,5.929,595.65,16.802,595.7,18.56,595.75,10.485,595.8,26.135,595.85,15.345,595.9,22.626,595.95,12.925,596,12.782,595.45,13.45,595.4,2.768,595.35,7.25,595.3,8.857,595.25,12.01,595.2,6.699,595.15,9.461,595.1,11.054,595.05,17.087,595,19.874
1715247461461,1715247461401054000,GATE,BNBUSDT,595.5,0.584,595.6,11.936,595.65,11.77,595.7,18.56,595.75,10.485,595.8,26.135,595.85,15.345,595.9,22.626,595.95,12.925,596,12.782,595.45,13.45,595.4,2.768,595.35,7.25,595.3,8.857,595.25,15.425,595.2,6.699,595.15,9.461,595.1,11.054,595.05,17.087,595,19.874
1715247461558,1715247461495446000,GATE,BNBUSDT,595.5,0.584,595.55,4.212,595.6,9.196,595.65,8.326,595.7,18.56,595.75,10.485,595.8,26.135,595.85,15.345,595.9,22.626,595.95,12.925,595.45,13.45,595.4,2.768,595.35,7.25,595.3,8.857,595.25,15.425,595.2,6.699,595.15,9.461,595.1,11.054,595.05,17.087,595,19.874
1715247461651,1715247461599611000,GATE,BNBUSDT,595.5,0.584,595.55,4.212,595.6,6.942,595.65,8.326,595.7,18.56,595.75,10.485,595.8,26.135,595.85,15.345,595.9,22.626,595.95,12.925,595.45,13.45,595.4,2.728,595.35,7.29,595.3,8.857,595.25,15.425,595.2,6.699,595.15,9.461,595.1,11.054,595.05,17.087,595,19.874
1715247461745,1715247461706264000,GATE,BNBUSDT,595.5,0.584,595.55,4.212,595.6,11.703,595.65,12.326,595.7,18.56,595.75,10.485,595.8,26.135,595.85,15.345,595.9,22.626,595.95,12.925,595.45,9.45,595.4,2.728,595.35,7.29,595.3,8.857,595.25,12.175,595.2,6.699,595.15,9.461,595.1,11.054,595.05,10.362,595,26.599
1715247461830,1715247461798847000,GATE,BNBUSDT,595.5,0.584,595.55,4.212,595.6,11.703,595.65,12.326,595.7,18.56,595.75,10.485,595.8,26.135,595.85,15.345,595.9,22.626,595.95,12.925,595.45,9.45,595.4,2.728,595.35,7.29,595.3,6.268,595.25,12.175,595.2,6.699,595.15,9.461,595.1,11.054,595.05,10.362,595,26.599
1715247462061,1715247461995190000,GATE,BNBUSDT,595.5,0.584,595.55,4.212,595.6,7.501,595.65,12.326,595.7,18.56,595.75,10.485,595.8,26.135,595.85,15.345,595.9,22.626,595.95,12.925,595.45,9.45,595.4,2.728,595.35,7.29,595.3,8.955,595.25,8.76,595.2,6.699,595.15,9.461,595.1,11.054,595.05,10.362,595,42.237
1715247462091,1715247462095018000,GATE,BNBUSDT,595.5,0.584,595.55,4.212,595.6,8.804,595.65,12.326,595.7,18.56,595.75,10.485,595.8,26.135,595.85,15.345,595.9,22.626,595.95,12.925,595.45,9.45,595.4,2.728,595.35,7.29,595.3,8.955,595.25,8.76,595.2,6.699,595.15,9.461,595.1,11.054,595.05,10.362,595,42.237
1715247462263,1715247462201583000,GATE,BNBUSDT,595.5,0.584,595.55,4.212,595.6,6.942,595.65,12.326,595.7,18.56,595.75,10.485,595.8,26.135,595.85,15.345,595.9,22.626,595.95,12.925,595.45,9.45,595.4,2.728,595.35,7.29,595.3,8.955,595.25,12.175,595.2,6.699,595.15,9.461,595.1,11.054,595.05,10.362,595,42.237
1715247462351,1715247462299869000,GATE,BNBUSDT,595.55,4.212,595.65,9.338,595.7,10.47,595.75,15.867,595.8,22.885,595.85,15.345,595.9,22.626,595.95,12.925,596,12.782,596.05,54.839,595.5,11.346,595.45,9.45,595.35,4.04,595.3,11.649,595.25,18.119,595.2,6.699,595.15,9.461,595.1,11.054,595.05,36.038,595,42.237
1715247462384,1715247462399893000,GATE,BNBUSDT,595.55,4.208,595.6,0.004,595.65,9.338,595.7,10.47,595.75,15.867,595.8,22.885,595.85,15.345,595.9,22.626,595.95,12.925,596,12.782,595.5,11.346,595.45,9.45,595.35,4.04,595.3,11.649,595.25,18.119,595.2,6.699,595.15,9.461,595.1,11.054,595.05,36.038,595,42.237
1715247462518,1715247462497490000,GATE,BNBUSDT,595.55,4.208,595.6,0.004,595.65,9.338,595.7,10.47,595.75,15.867,595.8,22.885,595.85,15.345,595.9,22.626,595.95,12.925,596,12.782,595.5,11.346,595.45,9.45,595.35,4.04,595.3,11.649,595.25,18.119,595.2,6.699,595.15,9.461,595.1,11.054,595.05,36.038,595,42.237
1715247462748,1715247462697743000,GATE,BNBUSDT,595.55,4.208,595.6,0.004,595.65,9.338,595.7,10.47,595.75,19.867,595.8,19.47,595.85,15.345,595.9,22.626,595.95,12.925,596,12.782,595.5,11.346,595.45,9.45,595.35,4.04,595.3,8.962,595.25,18.119,595.2,2.699,595.15,9.461,595.1,11.054,595.05,36.038,595,42.237
1715247462791,1715247462804965000,GATE,BNBUSDT,595.55,4.208,595.6,0.004,595.65,9.338,595.7,10.47,595.75,19.867,595.8,19.47,595.85,15.345,595.9,22.626,595.95,12.925,596,12.782,595.5,11.346,595.45,9.45,595.35,6.222,595.3,8.962,595.25,18.119,595.2,2.699,595.15,11.13,595.1,9.385,595.05,36.038,595,42.237
1715247462931,1715247462899502000,GATE,BNBUSDT,595.55,4.208,595.6,0.004,595.65,9.338,595.7,10.47,595.75,19.867,595.8,19.47,595.85,15.345,595.9,22.626,595.95,12.925,596,12.782,595.5,11.346,595.45,9.45,595.35,6.222,595.3,8.962,595.25,18.119,595.2,2.699,595.15,11.13,595.1,9.385,595.05,36.038,595,42.237
1715247463154,1715247463104128000,GATE,BNBUSDT,595.55,7.458,595.6,0.004,595.65,9.338,595.7,10.47,595.75,23.117,595.8,19.47,595.85,15.345,595.9,22.626,595.95,12.925,596,12.782,595.5,4.096,595.45,9.45,595.35,6.222,595.3,8.962,595.25,14.869,595.2,2.699,595.15,11.13,595.1,9.385,595.05,36.038,595,42.237
1715247463260,1715247463205432000,GATE,BNBUSDT,595.55,9.387,595.6,0.004,595.65,9.338,595.7,17.831,595.75,23.117,595.8,19.47,595.85,15.345,595.9,23.935,595.95,12.925,596,12.782,595.5,4.096,595.45,6.2,595.35,4.04,595.3,8.962,595.25,14.869,595.2,2.699,595.15,11.13,595.1,9.385,595.05,36.038,595,26.599
1715247463364,1715247463306037000,GATE,BNBUSDT,595.55,9.387,595.6,5.407,595.65,9.338,595.7,16.726,595.75,23.117,595.8,19.47,595.85,15.345,595.9,23.935,595.95,12.925,596,12.782,595.5,2.728,595.45,6.2,595.35,4.04,595.3,11.232,595.25,14.869,595.2,2.699,595.15,9.461,595.1,9.385,595.05,36.038,595,26.599
1715247463625,1715247463596024000,GATE,BNBUSDT,595.55,9.387,595.6,5.407,595.65,9.338,595.7,16.726,595.75,23.117,595.8,19.47,595.85,15.345,595.9,23.935,595.95,12.925,596,12.782,595.5,2.728,595.45,6.2,595.35,4.04,595.3,11.232,595.25,14.869,595.2,2.699,595.15,9.461,595.1,9.385,595.05,36.038,595,26.599
1715247463751,1715247463694351000,GATE,BNBUSDT,595.55,9.387,595.6,5.407,595.65,9.338,595.7,9.365,595.75,23.117,595.8,19.47,595.85,15.345,595.9,23.935,595.95,12.925,596,12.782,595.5,2.728,595.45,6.2,595.35,4.04,595.3,11.232,595.25,14.869,595.2,2.699,595.15,9.461,595.1,11.054,595.05,36.038,595,26.599
1715247463867,1715247463804845000,GATE,BNBUSDT,595.55,7.458,595.6,5.407,595.65,9.208,595.7,9.365,595.75,23.117,595.8,22.885,595.85,15.345,595.9,23.935,595.95,12.925,596,12.652,595.5,2.728,595.45,6.2,595.35,4.04,595.3,11.232,595.25,11.454,595.2,5.949,595.15,9.461,595.1,11.054,595.05,36.038,595,26.599
1715247463899,1715247463904974000,GATE,BNBUSDT,595.55,7.458,595.6,5.407,595.65,9.208,595.7,9.365,595.75,23.117,595.8,22.885,595.85,15.345,595.9,23.935,595.95,12.925,596,12.685,595.5,2.728,595.45,6.2,595.35,4.04,595.3,8.962,595.25,11.454,595.2,5.949,595.15,9.461,595.1,11.054,595.05,36.038,595,26.599
1715247464042,1715247464001084000,GATE,BNBUSDT,595.55,7.458,595.6,5.537,595.65,9.208,595.7,9.365,595.75,23.117,595.8,22.885,595.85,15.345,595.9,23.935,595.95,13.055,596,12.685,595.5,2.728,595.45,6.2,595.35,4.04,595.3,11.175,595.25,11.454,595.2,5.949,595.15,9.461,595.1,11.054,595.05,36.038,595,26.599
1715247464087,1715247464122554000,GATE,BNBUSDT,595.55,7.458,595.6,5.537,595.65,9.208,595.7,9.365,595.75,23.117,595.8,22.885,595.85,15.345,595.9,23.935,595.95,13.055,596,12.685,595.5,2.728,595.45,6.2,595.35,4.04,595.3,11.175,595.25,11.454,595.2,5.949,595.15,9.461,595.1,11.054,595.05,36.038,595,26.599
1715247464357,1715247464297578000,GATE,BNBUSDT,595.55,7.458,595.6,5.537,595.65,9.208,595.7,9.365,595.75,23.117,595.8,22.885,595.85,15.345,595.9,23.935,595.95,13.055,596,12.685,595.5,5.978,595.45,6.2,595.35,4.04,595.3,11.175,595.25,11.454,595.2,5.949,595.15,9.461,595.1,11.054,595.05,36.038,595,26.599
1715247464389,1715247464396920000,GATE,BNBUSDT,595.55,4.208,595.6,5.537,595.65,9.208,595.7,9.365,595.75,23.117,595.8,22.885,595.85,15.345,595.9,23.935,595.95,13.055,596,12.685,595.5,5.978,595.45,6.2,595.35,4.04,595.3,11.175,595.25,11.454,595.2,5.949,595.15,9.461,595.1,11.054,595.05,36.038,595,26.599
1715247464570,1715247464505863000,GATE,BNBUSDT,595.55,7.458,595.6,4.174,595.65,9.208,595.7,9.365,595.75,23.117,595.8,22.885,595.85,15.345,595.9,23.935,595.95,13.055,596,12.685,595.5,2.728,595.45,6.2,595.35,4,595.3,11.175,595.25,11.454,595.2,5.949,595.15,9.461,595.1,11.054,595.05,36.038,595,26.599
1715247464654,1715247464607581000,GATE,BNBUSDT,595.55,9.387,595.6,5.809,595.65,9.208,595.7,9.365,595.75,23.117,595.8,22.885,595.85,15.345,595.9,23.935,595.95,13.055,596,12.685,595.5,2.728,595.45,6.2,595.35,4.039,595.3,11.175,595.25,11.454,595.2,5.949,595.15,9.461,595.1,11.054,595.05,36.038,595,26.599
1715247464751,1715247464700046000,GATE,BNBUSDT,595.55,4.208,595.6,0.921,595.65,8.381,595.7,9.365,595.75,19.867,595.8,22.885,595.85,15.345,595.9,23.935,595.95,13.055,596,12.685,595.5,5.978,595.45,6.2,595.35,4.039,595.3,11.175,595.25,11.454,595.2,5.949,595.15,9.461,595.1,11.054,595.05,36.038,595,26.599
1715247464772,1715247464801312000,GATE,BNBUSDT,595.55,4.208,595.6,0.921,595.65,9.525,595.7,9.365,595.75,19.867,595.8,22.885,595.85,15.345,595.9,23.935,595.95,13.055,596,12.685,595.5,5.978,595.45,6.2,595.35,4.039,595.3,11.175,595.25,11.454,595.2,5.949,595.15,9.461,595.1,11.054,595.05,36.038,595,26.599
1715247465046,1715247465001822000,GATE,BNBUSDT,595.55,4.208,595.6,0.921,595.65,9.525,595.7,9.365,595.75,19.867,595.8,22.885,595.85,15.345,595.9,23.935,595.95,13.055,596,12.685,595.5,5.978,595.45,6.2,595.35,4.039,595.3,11.175,595.25,11.454,595.2,5.949,595.15,9.461,595.1,11.054,595.05,36.038,595,26.599
1715247465083,1715247465100808000,GATE,BNBUSDT,595.55,4.208,595.6,0.921,595.65,9.525,595.7,9.365,595.75,19.867,595.8,22.885,595.85,15.345,595.9,23.935,595.95,13.055,596,12.685,595.5,5.978,595.45,6.2,595.35,4.039,595.3,11.175,595.25,14.869,595.2,5.949,595.15,9.461,595.1,11.054,595.05,36.038,595,26.599
1715247465231,1715247465200874000,GATE,BNBUSDT,595.55,4.792,595.6,0.921,595.65,9.525,595.7,9.365,595.75,19.867,595.8,22.885,595.85,15.345,595.9,23.935,595.95,13.055,596,12.685,595.5,5.978,595.45,6.2,595.35,4.039,595.3,11.175,595.25,14.869,595.2,5.949,595.15,9.461,595.1,11.054,595.05,36.038,595,26.599
1715247465361,1715247465303648000,GATE,BNBUSDT,595.55,4.792,595.6,0.921,595.65,9.525,595.7,9.365,595.75,19.867,595.8,22.885,595.85,15.345,595.9,23.935,595.95,13.055,596,12.685,595.5,2.728,595.45,6.2,595.35,4.039,595.3,11.175,595.25,14.869,595.2,5.949,595.15,9.461,595.1,11.054,595.05,36.038,595,26.599
1715247465549,1715247465503639000,GATE,BNBUSDT,595.55,4.792,595.6,0.134,595.65,9.525,595.7,9.365,595.75,19.867,595.8,19.47,595.85,15.345,595.9,23.935,595.95,13.055,596,12.685,595.5,5.978,595.45,6.2,595.35,4.039,595.3,11.175,595.25,14.869,595.2,5.949,595.15,9.461,595.1,11.054,595.05,36.038,595,26.599
1715247465661,1715247465598333000,GATE,BNBUSDT,595.55,4.792,595.6,0.291,595.65,5.373,595.7,9.365,595.75,19.867,595.8,19.47,595.85,15.345,595.9,23.935,595.95,13.055,596,12.685,595.5,9.978,595.45,6.2,595.35,4.039,595.3,11.175,595.25,14.869,595.2,5.949,595.15,9.461,595.1,11.054,595.05,36.038,595,26.599
1715247465682,1715247465700505000,GATE,BNBUSDT,595.55,4.792,595.6,0.287,595.65,5.377,595.7,9.365,595.75,19.867,595.8,19.47,595.85,15.345,595.9,23.935,595.95,13.055,596,12.685,595.5,9.978,595.45,6.2,595.35,4.039,595.3,11.175,595.25,14.869,595.2,5.949,595.15,9.461,595.1,11.054,595.05,36.038,595,26.599
1715247465793,1715247465798953000,GATE,BNBUSDT,595.55,4.792,595.6,0.287,595.65,5.377,595.7,9.365,595.75,19.867,595.8,19.47,595.85,15.345,595.9,23.935,595.95,13.055,596,12.685,595.5,9.978,595.45,6.2,595.35,4.039,595.3,11.175,595.25,14.869,595.2,5.949,595.15,9.461,595.1,11.054,595.05,36.038,595,26.599
1715247465940,1715247465900293000,GATE,BNBUSDT,595.55,4.792,595.6,0.287,595.65,5.377,595.7,9.365,595.75,19.867,595.8,19.47,595.85,15.345,595.9,23.935,595.95,13.055,596,12.685,595.5,2.728,595.45,6.2,595.35,4.039,595.3,11.175,595.25,14.869,595.2,5.949,595.15,9.461,595.1,11.054,595.05,36.038,595,26.599
1715247466166,1715247466105242000,GATE,BNBUSDT,595.55,4.792,595.6,0.561,595.65,5.103,595.7,9.365,595.75,19.867,595.8,19.47,595.85,15.345,595.9,23.935,595.95,13.055,596,12.685,595.5,2.728,595.45,6.2,595.35,4.039,595.3,11.175,595.25,14.869,595.2,5.949,595.15,9.461,595.1,11.054,595.05,36.038,595,26.599
1715247466181,1715247466196407000,GATE,BNBUSDT,595.55,4.792,595.6,0.561,595.65,9.103,595.7,9.365,595.75,19.867,595.8,19.47,595.85,15.345,595.9,23.935,595.95,13.055,596,12.685,595.5,2.728,595.45,6.2,595.35,4.039,595.3,11.175,595.25,14.869,595.2,5.949,595.15,9.461,595.1,11.054,595.05,36.038,595,26.599
1715247466287,1715247466294866000,GATE,BNBUSDT,595.55,4.792,595.6,0.561,595.65,9.103,595.7,9.365,595.75,19.867,595.8,19.47,595.85,15.345,595.9,23.935,595.95,13.055,596,12.685,595.5,2.728,595.45,6.2,595.35,4.039,595.3,11.175,595.25,14.869,595.2,5.949,595.15,9.461,595.1,11.054,595.05,36.038,595,26.599
1715247466400,1715247466400862000,GATE,BNBUSDT,595.55,4.792,595.6,0.561,595.65,9.103,595.7,9.365,595.75,19.867,595.8,18.96,595.85,15.345,595.9,23.935,595.95,13.055,596,12.685,595.5,5.978,595.45,6.2,595.35,4.039,595.3,11.175,595.25,14.869,595.2,5.949,595.15,9.461,595.1,11.054,595.05,36.038,595,26.599
1715247466512,1715247466502985000,GATE,BNBUSDT,595.55,4.792,595.6,0.561,595.65,9.103,595.7,9.365,595.75,19.867,595.8,18.96,595.85,15.345,595.9,23.935,595.95,13.055,596,12.685,595.5,2.728,595.45,6.2,595.35,4.039,595.3,11.175,595.25,14.869,595.2,5.949,595.15,9.461,595.1,11.054,595.05,36.038,595,26.599
1715247466578,1715247466593128000,GATE,BNBUSDT,595.55,4.792,595.6,2.435,595.65,9.103,595.7,9.365,595.75,19.867,595.8,18.96,595.85,15.345,595.9,23.935,595.95,13.055,596,12.685,595.5,2.728,595.45,6.2,595.35,4.039,595.3,11.175,595.25,14.869,595.2,5.949,595.15,9.461,595.1,11.054,595.05,36.038,595,26.599
1715247466731,1715247466702418000,GATE,BNBUSDT,595.55,4.792,595.6,2.435,595.65,9.103,595.7,9.365,595.75,19.867,595.8,18.96,595.85,15.345,595.9,22.626,595.95,13.055,596,12.685,595.5,5.978,595.45,6.2,595.35,4.039,595.3,11.175,595.25,14.869,595.2,5.949,595.15,9.461,595.1,11.054,595.05,36.038,595,26.599
1715247466855,1715247466801943000,GATE,BNBUSDT,595.55,4.792,595.6,0.561,595.65,9.103,595.7,9.365,595.75,19.867,595.8,18.96,595.85,15.345,595.9,22.626,595.95,13.055,596,12.685,595.5,5.978,595.45,6.2,595.35,4.039,595.3,11.175,595.25,14.869,595.2,5.949,595.15,9.461,595.1,11.054,595.05,36.038,595,26.599
1715247466952,1715247466898343000,GATE,BNBUSDT,595.55,4.792,595.6,2.956,595.65,9.103,595.7,9.365,595.75,19.867,595.8,18.96,595.85,15.345,595.9,22.626,595.95,13.055,596,12.685,595.5,5.978,595.45,6.2,595.35,4.039,595.3,11.175,595.25,14.869,595.2,5.949,595.15,9.461,595.1,11.054,595.05,36.038,595,26.599
1715247467165,1715247467100612000,GATE,BNBUSDT,595.55,8.042,595.6,2.956,595.65,9.103,595.7,9.365,595.75,19.867,595.8,18.96,595.85,15.345,595.9,22.626,595.95,13.055,596,12.685,595.5,2.728,595.45,6.2,595.35,4.039,595.3,11.175,595.25,14.869,595.2,2.699,595.15,9.461,595.1,11.054,595.05,36.038,595,26.599
1715247467191,1715247467199001000,GATE,BNBUSDT,595.55,8.042,595.6,2.956,595.65,9.103,595.7,9.365,595.75,19.867,595.8,18.96,595.85,15.345,595.9,22.626,595.95,13.055,596,12.685,595.5,2.728,595.45,6.2,595.35,4.039,595.3,11.175,595.25,14.869,595.2,2.699,595.15,9.461,595.1,11.054,595.05,36.038,595,26.599
1715247467522,1715247467502601000,GATE,BNBUSDT,595.55,8.042,595.6,2.956,595.65,9.103,595.7,9.365,595.75,23.117,595.8,18.96,595.85,15.345,595.9,22.626,595.95,13.055,596,12.685,595.5,2.728,595.45,6.2,595.35,4.039,595.3,11.175,595.25,14.869,595.2,2.699,595.15,9.461,595.1,11.054,595.05,36.038,595,26.599
1715247467585,1715247467607081000,GATE,BNBUSDT,595.55,8.042,595.6,2.956,595.65,9.103,595.7,9.365,595.75,23.117,595.8,18.96,595.85,15.345,595.9,22.626,595.95,13.055,596,12.685,595.5,2.728,595.45,6.2,595.35,4.039,595.3,11.175,595.25,14.869,595.2,2.699,595.15,9.461,595.1,11.054,595.05,36.038,595,26.599
1715247467999,1715247467999877000,GATE,BNBUSDT,595.55,9.971,595.6,2.956,595.65,9.103,595.7,9.365,595.75,23.117,595.8,18.96,595.85,15.345,595.9,22.626,595.95,13.055,596,12.685,595.5,2.728,595.45,6.2,595.35,4.039,595.3,11.175,595.25,14.869,595.2,2.699,595.15,9.461,595.1,11.054,595.05,36.038,595,26.599
1715247468122,1715247468108459000,GATE,BNBUSDT,595.55,9.971,595.6,2.956,595.65,9.103,595.7,9.365,595.75,23.117,595.8,18.96,595.85,15.345,595.9,22.626,595.95,13.055,596,12.685,595.5,2.728,595.45,6.2,595.35,4.039,595.3,11.175,595.25,14.869,595.2,2.699,595.15,9.461,595.1,11.054,595.05,36.038,595,26.599
1715247468233,1715247468202273000,GATE,BNBUSDT,595.55,9.971,595.6,2.956,595.65,9.103,595.7,9.365,595.75,23.117,595.8,18.96,595.85,15.345,595.9,22.626,595.95,13.055,596,12.685,595.5,2.728,595.45,6.2,595.35,4.039,595.3,11.175,595.25,14.869,595.2,2.699,595.15,9.461,595.1,11.054,595.05,36.038,595,26.599
1715247468353,1715247468305684000,GATE,BNBUSDT,595.55,9.971,595.6,2.956,595.65,9.103,595.7,9.365,595.75,23.117,595.8,18.96,595.85,15.345,595.9,22.626,595.95,13.055,596,12.685,595.5,2.728,595.45,6.2,595.35,4.039,595.3,11.175,595.25,11.454,595.2,2.699,595.15,9.461,595.1,11.054,595.05,36.038,595,26.599
1715247468379,1715247468396689000,GATE,BNBUSDT,595.55,9.971,595.6,2.956,595.65,9.103,595.7,9.365,595.75,23.117,595.8,22.375,595.85,15.345,595.9,22.626,595.95,13.055,596,12.685,595.5,2.728,595.45,6.2,595.35,4.039,595.3,11.175,595.25,11.454,595.2,2.699,595.15,9.461,595.1,11.054,595.05,36.038,595,26.599
1715247468670,1715247468607321000,GATE,BNBUSDT,595.5,15.996,595.55,19.252,595.6,9.774,595.65,26.66,595.7,14.721,595.75,17.735,595.8,10.62,595.85,15.345,595.9,23.803,595.95,14.397,595.45,3.472,595.35,4,595.3,6.268,595.25,11.454,595.2,2.699,595.15,8.908,595.1,6.135,595.05,13.612,595,26.599,594.95,12.51
1715247468745,1715247468701059000,GATE,BNBUSDT,595.5,17.459,595.55,17.729,595.6,9.774,595.65,24.107,595.7,14.721,595.75,17.735,595.8,10.62,595.85,15.345,595.9,23.803,595.95,14.397,595.45,3.472,595.35,4,595.3,6.268,595.25,11.454,595.2,2.699,595.15,8.947,595.1,6.135,595.05,13.612,595,28.268,594.95,12.51
1715247468813,1715247468797018000,GATE,BNBUSDT,595.5,14.365,595.55,17.729,595.6,9.774,595.65,12.349,595.7,26.478,595.75,17.735,595.8,10.62,595.85,15.345,595.9,23.803,595.95,14.397,595.45,3.472,595.35,4,595.3,6.268,595.25,11.454,595.2,2.699,595.15,8.947,595.1,6.135,595.05,13.612,595,28.268,594.95,12.51
1715247468913,1715247468901200000,GATE,BNBUSDT,595.5,10.487,595.55,19.658,595.6,9.774,595.65,12.349,595.7,26.478,595.75,17.735,595.8,10.62,595.85,15.345,595.9,23.803,595.95,14.397,595.45,3.472,595.35,4,595.3,6.268,595.25,11.454,595.2,2.699,595.15,8.947,595.1,6.135,595.05,13.612,595,28.268,594.95,12.51
1715247469069,1715247469002557000,GATE,BNBUSDT,595.5,4.931,595.55,15.658,595.6,9.774,595.65,9.099,595.7,14.721,595.75,29.491,595.8,10.62,595.85,15.345,595.9,23.803,595.95,14.397,595.45,6.722,595.35,4,595.3,6.268,595.25,13.679,595.2,2.699,595.15,12.75,595.1,6.135,595.05,13.612,595,28.268,594.95,12.51
1715247469115,1715247469107443000,GATE,BNBUSDT,595.5,1.681,595.55,12.533,595.6,9.774,595.65,9.099,595.7,14.721,595.75,29.491,595.8,10.62,595.85,15.345,595.9,23.803,595.95,14.397,595.45,6.722,595.35,4,595.3,6.268,595.25,13.679,595.2,2.699,595.15,12.75,595.1,6.135,595.05,13.612,595,28.268,594.95,12.51
1715247469231,1715247469201591000,GATE,BNBUSDT,595.5,1.681,595.55,10.943,595.6,9.774,595.65,9.099,595.7,14.721,595.75,29.491,595.8,10.62,595.85,15.345,595.9,23.803,595.95,14.397,595.45,6.722,595.35,4,595.3,6.268,595.25,13.679,595.2,2.699,595.15,12.75,595.1,6.135,595.05,22.005,595,19.874,594.95,12.51
1715247469301,1715247469301069000,GATE,BNBUSDT,595.5,1.681,595.55,12.914,595.6,9.774,595.65,9.099,595.7,14.721,595.75,29.491,595.8,10.62,595.85,15.345,595.9,24.313,595.95,14.397,595.45,6.722,595.35,4,595.3,6.268,595.25,13.679,595.2,2.699,595.15,12.75,595.1,6.135,595.05,22.005,595,19.874,594.95,12.51
1715247469399,1715247469399218000,GATE,BNBUSDT,595.5,1.681,595.55,12.914,595.6,9.774,595.65,9.099,595.7,14.721,595.75,29.491,595.8,10.62,595.85,15.345,595.9,24.313,595.95,14.397,595.45,6.722,595.35,4,595.3,6.268,595.25,13.679,595.2,2.699,595.15,12.75,595.1,6.135,595.05,22.005,595,19.874,594.95,12.51
1715247469617,1715247469599586000,GATE,BNBUSDT,595.5,1.681,595.55,12.914,595.6,9.774,595.65,9.099,595.7,14.721,595.75,32.906,595.8,10.62,595.85,15.345,595.9,24.313,595.95,14.397,595.45,10.722,595.35,4,595.3,6.268,595.25,13.679,595.2,2.699,595.15,12.75,595.1,6.135,595.05,22.005,595,19.874,594.95,12.51
1715247469760,1715247469700408000,GATE,BNBUSDT,595.55,4.792,595.6,2.24,595.65,2.351,595.7,8.351,595.75,17.9,595.8,22.375,595.85,15.345,595.9,23.136,595.95,14.364,596,12.652,595.5,11.346,595.45,10.722,595.35,4,595.3,6.268,595.25,13.679,595.2,2.699,595.15,12.711,595.1,7.804,595.05,20.336,595,19.874
1715247469850,1715247469795479000,GATE,BNBUSDT,595.55,4.792,595.6,0.69,595.65,5.098,595.7,10.164,595.75,23.252,595.8,22.375,595.85,15.345,595.9,23.136,595.95,14.364,596,12.652,595.5,11.348,595.45,10.722,595.35,4.04,595.3,11.574,595.25,11.454,595.2,2.699,595.15,12.711,595.1,7.804,595.05,20.336,595,19.874
1715247470008,1715247470001298000,GATE,BNBUSDT,595.55,4.792,595.6,0.69,595.65,5.098,595.7,10.164,595.75,19.837,595.8,22.375,595.85,15.345,595.9,23.136,595.95,14.364,596,12.652,595.5,11.348,595.45,10.722,595.35,4.04,595.3,11.574,595.25,11.454,595.2,2.699,595.15,12.711,595.1,7.804,595.05,20.336,595,19.874
1715247470268,1715247470206205000,GATE,BNBUSDT,595.55,4.792,595.6,0.69,595.65,8.409,595.7,10.164,595.75,19.837,595.8,22.375,595.85,15.345,595.9,23.136,595.95,14.364,596,12.652,595.5,11.348,595.45,10.722,595.35,4.04,595.3,11.574,595.25,11.454,595.2,2.699,595.15,12.711,595.1,7.804,595.05,20.336,595,19.874
1715247470336,1715247470299710000,GATE,BNBUSDT,595.55,4.792,595.6,0.69,595.65,8.409,595.7,10.164,595.75,19.837,595.8,22.375,595.85,15.345,595.9,23.136,595.95,14.364,596,12.652,595.5,11.348,595.45,10.722,595.35,4.04,595.3,11.574,595.25,14.869,595.2,2.699,595.15,12.711,595.1,7.804,595.05,20.336,595,19.874
1715247470455,1715247470394067000,GATE,BNBUSDT,595.55,4.792,595.6,0.69,595.65,8.409,595.7,10.164,595.75,19.837,595.8,22.375,595.85,15.345,595.9,23.136,595.95,14.364,596,12.652,595.5,11.348,595.45,10.722,595.35,4.04,595.3,11.574,595.25,14.869,595.2,2.699,595.15,12.711,595.1,7.804,595.05,20.336,595,20.714
1715247470534,1715247470501568000,GATE,BNBUSDT,595.55,4.792,595.6,0.69,595.65,8.409,595.7,10.164,595.75,19.837,595.8,22.375,595.85,15.345,595.9,23.136,595.95,14.364,596,12.612,595.5,11.348,595.45,10.722,595.35,4.04,595.3,11.574,595.25,14.869,595.2,2.699,595.15,12.711,595.1,7.804,595.05,20.336,595,19.874
1715247470631,1715247470606720000,GATE,BNBUSDT,595.55,4.792,595.6,0.69,595.65,8.409,595.7,10.164,595.75,19.837,595.8,18.96,595.85,15.345,595.9,23.136,595.95,14.364,596,12.612,595.5,11.348,595.45,6.722,595.35,4.04,595.3,11.574,595.25,14.869,595.2,2.699,595.15,12.711,595.1,7.804,595.05,20.336,595,19.874
1715247470710,1715247470695795000,GATE,BNBUSDT,595.55,4.792,595.6,0.69,595.65,8.409,595.7,10.164,595.75,19.837,595.8,18.96,595.85,15.345,595.9,22.606,595.95,14.364,596,12.612,595.5,11.348,595.45,6.722,595.35,4.04,595.3,11.574,595.25,14.869,595.2,2.699,595.15,13.87,595.1,6.135,595.05,20.336,595,19.874
1715247470791,1715247470795710000,GATE,BNBUSDT,595.55,4.792,595.6,0.69,595.65,5.535,595.7,10.164,595.75,19.837,595.8,18.96,595.85,15.345,595.9,22.606,595.95,14.364,596,12.612,595.5,11.348,595.45,6.722,595.35,4.04,595.3,11.574,595.25,14.869,595.2,2.699,595.15,13.87,595.1,6.135,595.05,20.336,595,19.874
1715247470968,1715247470909051000,GATE,BNBUSDT,595.7,1.053,595.75,1.929,595.8,5.761,595.85,0.312,595.9,27.051,595.95,10.219,596,16.621,596.05,54.936,596.1,34.568,596.15,20.364,595.65,11.346,595.6,7.25,595.55,4.792,595.5,4.002,595.45,3.472,595.35,6.674,595.3,12.193,595.25,14.869,595.2,12.098,595.15,17.697
1715247471065,1715247471006257000,GATE,BNBUSDT,595.75,7.98,595.8,2.462,595.85,2.869,595.9,9.466,595.95,27.564,596,6.137,596.05,11.152,596.1,41.168,596.15,22.947,596.2,20.902,595.7,4,595.65,15.168,595.6,4,595.55,9.042,595.5,4,595.45,2.674,595.4,2.674,595.35,8.981,595.3,20.507,595.25,17.659
1715247471163,1715247471099574000,GATE,BNBUSDT,595.75,9.074,595.8,2.462,595.85,4.982,595.9,8.956,595.95,27.564,596,6.137,596.05,11.152,596.1,41.168,596.15,22.947,596.2,19.16,595.7,4,595.65,15.168,595.6,4,595.55,9.042,595.5,4,595.45,4.942,595.4,2.674,595.35,8.981,595.3,20.507,595.25,17.659
1715247471253,1715247471197206000,GATE,BNBUSDT,595.75,10.221,595.8,2.462,595.85,4.982,595.9,8.956,595.95,27.564,596,6.137,596.05,11.152,596.1,41.168,596.15,22.947,596.2,19.16,595.7,4,595.65,11.918,595.6,4,595.55,9.042,595.5,4,595.45,5.452,595.4,2.674,595.35,8.981,595.3,20.507,595.25,19.328
